2356 3886
427 178 649 234 HADRIANVS.

249 431 286 504 I.
329 429 500 503 Anulus
527 427 817 503 HADRIANVS.

121 596 272 663 Videnda
293 619 374 680 qnae
396 596 477 660 dixit
498 597 536 660 de
557 594 721 659 Hadriano
742 595 968 681 Bernhardyus
989 596 1021 660 h.
1135 645 1137 668 ,

55 685 78 748 l.
108 682 145 748 L.
175 680 222 746 ed.
249 680 298 745 HI
331 701 406 766 pgg.
438 681 516 763 297,
543 681 573 745 8.
633 679 695 743 Hic
731 679 905 762 imperator
939 682 1024 745 inter

60 772 167 832 celera
191 767 276 830 vilae
303 766 538 830 oblectamenta
565 765 661 828 etiam
688 765 832 829 versibus
858 765 1023 830 mediocri-

58 854 118 918 bus
141 851 264 916 Graeca
297 850 417 934 pariter
444 872 481 914 ac
503 849 619 914 Labina
644 848 757 933 lingua
783 850 909 935 scriptis
936 850 1022 926 haud

59 935 252 1008 mediocrem
268 955 398 1019 operam
412 935 593 1018 insumpsit.
622 932 698 998 Fuit
717 934 803 998 enim
818 937 855 998 ut
869 935 915 998 ait
929 933 1023 1017 Spar-

59 1023 169 1086 tianus
191 1025 224 1084 et
244 1025 428 1104 poematum
450 1023 483 1084 ei
504 1020 683 1084 litterarum
705 1020 863 1102 omnium,
886 1019 1023 1083 maxime

60 1109 221 1189 velerum,
249 1104 514 1188 studiosissimus,
537 1126 613 1168 nam
635 1107 667 1168 et
689 1102 836 1170 Ciceroni
858 1103 1022 1186 Catonem,

62 1189 210 1276 Vergilio
225 1189 382 1273 Ennium,
399 1188 550 1254 Sallustio
566 1187 710 1255 Caelium
730 1189 891 1273 praetulit.
920 1187 1023 1252 Fuere

59 1279 168 1340 aulem
195 1273 314 1358 scripta
340 1273 457 1337 diversi
514 1275 618 1338 oneris
624 1325 633 1359 ,
667 1272 722 1338 sed
753 1275 878 1358 saepius
907 1274 1022 1338 lenuis.

58 1360 182 1424 Pueros
209 1381 290 1442 quos
319 1359 459 1423 habebat
486 1295 637 1422 delicatos
669 1359 811 1424 versibus
845 1381 917 1424 eum
944 1358 1023 1422 cele·

58 1446 171 1509 brasse
200 1443 325 1615 aliarpue
353 1444 509 1508 amatoria
538 1443 680 1506 carmina
706 1444 883 1508 condidisse
914 1445 1024 1508 narrat

59 1528 251 1613 Spartianus
300 1569 317 1592 =.
340 1527 458 1614 Xflssp
503 1527 586 1602 Quid
608 1526 694 1609 quod
721 1528 856 1591 eundem
878 1528 953 1611 equi
974 1527 1025 1591 sui

57 1613 200 1679 venatici
222 1613 274 1678 cui
289 1635 409 1677 nomen
424 1615 492 1676 erat
506 1611 701 1694 Boryslheni
721 1612 845 1676 tumulo
868 1613 1024 1696 epigram-

58 1703 149 1764 maba
170 1698 210 1761 ab
232 1699 302 1868 ppos)
324 1697 502 1780 composiba
523 1695 728 1779 insculpsisse
746 1699 861 1760 auctor
883 1701 932 1760 est
950 1694 1024 1760 (las-

59 1785 127 1848 sius
149 1781 212 1847 Dio
275 1781 412 1865 XVIIII,
437 1781 512 1868 10]?

267 1869 294 1930 1.
329 1887 388 1951 ego
411 1867 488 1930 nolo
510 1865 625 1930 Florus
648 1887 730 1949 esse,

328 1952 467 2016 amblare
489 1972 547 2034 per
567 1951 730 2034 tabernas,

329 2036 455 2100 latitare
476 2058 534 2120 per
555 2037 706 2120 popinas,

329 2122 445 2187 culices
466 2121 535 2205 pali
556 2120 722 2186 iucundos.

60 2204 251 2288 Spurianus
265 2206 300 2269 in
315 2207 382 2270 riba
395 2205 552 2270 Hadriani
574 2227 600 2269 c.
618 2207 673 2270 16:
694 2204 792 2270 Floro
814 2209 928 2289 poetae
950 2205 1025 2268 sori·

60 2289 154 2354 benli
181 2289 221 2352 ad
248 2311 281 2354 se
310 2295 387 2376 ‘ego
415 2290 492 2355 nolo
515 2288 631 2354 Caesar
656 2297 740 2354 esse'
764 2313 790 2354 e.
814 2312 845 2372 q.
869 2312 893 2353 s.
915 2289 1025 2352 rescri-

62 2374 139 2458 psit.
155 2411 196 2421 —-
211 2372 251 2438 V.
267 2375 288 2437 2
310 2375 487 2439 ‘amblare’
511 2373 727 2459 Oasaubonus,
743 2374 783 2438 cf.
801 2373 829 2436 d.
844 2396 871 2436 r.
886 2395 928 2436 m.
943 2371 1023 2454 3663

60 2459 261 2522 ‘ambulare'
284 2481 314 2523 v.

190 2542 220 2606 2.
251 2543 388 2607 lascivus
410 2565 518 2626 versu,
541 2549 648 2608 mente
669 2541 803 2626 pudicus
826 2561 903 2604 eras.

63 2626 185 2710 Appul.
208 2627 292 2710 apol.
307 2648 360 2711 pg.
376 2627 440 2690 410
462 2627 509 2691 ed.
526 2627 606 2692 Oud.
631 2626 733 2690 ‘divus
747 2625 930 2689 Hadrianus
952 2644 1024 2686 curn

61 2711 191 2776 Voconi
214 2712 308 2778 amici
330 2713 379 2775 sui
400 2714 513 2795 poetae
534 2712 693 2775 tumulum
714 2710 858 2774 versibus
879 2729 1024 2771 munera

60 2800 183 2945 petpr,8
198 2797 244 2860 iba
266 2797 393 2881 scripsit
414 2795 584 2860 ‘lascivus'
607 2817 633 2859 e.
658 2817 687 2878 q.
709 2817 732 2859 s.
776 2792 843 2858 Oet.
866 2791 906 2856 cf.
930 2791 1023 2856 Mart.

78 2931 87 2964 π
132 2930 141 2964 7
187 2931 193 2944 ·

266 2968 296 3031 3.
330 2967 471 3033 animula
492 2965 608 3048 vagula
629 2961 795 3043 blandula,

330 3053 446 3138 hospes
468 3071 636 3132 comesque
659 3045 816 3130 corporis,

331 3158 412 3219 quae
432 3156 519 3200 nuno
540 3135 643 3198 abibis
664 3133 699 3195 in
720 3131 805 3214 loca,

330 3220 497 3304 pallidula,
520 3218 638 3304 rigida,
659 3216 795 3280 nudula!

330 3325 391 3368 nec
412 3308 450 3368 ul
470 3304 553 3368 soles
575 3302 663 3366 dabis
685 3301 781 3366 iocos.

63 3386 170 3471 Sparl.
186 3388 229 3452 ib.
245 3408 271 3452 c.
287 3387 343 3452 25:
365 3392 399 3452 eb
412 3389 552 3453 moriens
567 3386 694 3470 quidem
714 3385 774 3452 hos
789 3404 899 3452 versus
913 3382 1025 3446 fecisse

64 3473 182 3537 dicitur
209 3472 384 3538 ‘animula'
418 3461 444 3537 e'.
466 3495 496 3555 q.
518 3495 542 3537 a.
569 3471 650 3536 iales
682 3476 804 3554 aulem,
835 3491 897 3533 nec
922 3466 1024 3531 mullo

953 3752 1043 3776 Δ

917 3820 1080 3852 -ι
