2356 3886
181 799 275 896 os
301 793 533 896 roarrs
562 794 841 894 saroam
865 795 925 892 v.
952 794 1001 894 c.
1030 798 1090 894 x.

215 997 374 1063 Hadriani
403 1019 423 1060 a
450 1000 594 1078 tempore
617 1016 689 1058 cum
710 995 810 1078 ipsius
832 996 987 1080 principis
1009 1000 1115 1061 aucto-

153 1083 249 1181 ritate
278 1103 388 1146 rursus
415 1080 532 1144 coalita
558 1083 642 1144 esset
662 1079 799 1144 imitatio
821 1081 1013 1164 scriptorum
1035 1082 1116 1144 anti-

175 1168 395 1248 uissimorum,
418 1185 611 1248 quamquam
631 1186 706 1227 suus
728 1186 853 1248 semper
873 1166 993 1230 mansit
1011 1165 1115 1230 honos

153 1190 317 1336 iergflio,
340 1254 448 1314 tamen
470 1248 613 1332 priorum
632 1253 734 1313 aetate
748 1253 916 1332 poetarum
936 1251 1040 1335 magis
1063 1251 1116 1314 ob

151 1337 320 1400 servarunt
338 1333 483 1417 exempla
496 1332 655 1399 Frontoni
670 1334 826 1418 aequales.
862 1333 891 1399 E
936 1336 1030 1399 uibus
1051 1357 1116 1398 ma-

147 1420 233 1484 xime
255 1418 342 1483 fama
365 1418 572 1502 percrebuere
592 1422 718 1502 praeter
737 1419 843 1502 ipsum
862 1418 916 1483 Ha
958 1421 1064 1484 'anum
1080 1418 1116 1482 P.

150 1504 280 1568 Annius
307 1501 437 1586 Florus,
467 1504 587 1568 amicus
616 1505 697 1587 eius,
728 1508 761 1567 et
787 1504 895 1586 paullo
922 1505 1117 1586 posteriores

149 1592 253 1654 aetate
275 1589 446 1652 Annianus
473 1587 631 1671 Faliscus,
653 1588 755 1652 Iulius
776 1586 924 1672 Paullus,
946 1588 982 1653 L.
1005 1590 1118 1671 Appu-
1167 1645 1168 1662 ,

149 1674 239 1738 leius.
283 1671 377 1738 Vnde
410 1673 560 1738 nonnulli
594 1672 703 1736 Plauti
734 1671 939 1756 Terentiique
974 1673 1118 1738 senarios

148 1759 303 1823 iambicos
326 1762 358 1823 et
379 1758 559 1822 trochaicus
584 1757 781 1841 septenarios
809 1757 948 1841 propriis
970 1757 1118 1821 carmini-

148 1845 209 1908 bus
223 1846 451 1907 restauravere.
489 1841 552 1906 Sed
572 1842 680 1924 plures
702 1842 803 1907 multo
821 1841 932 1906 Laevii
946 1841 1119 1907 Varronis·

150 1949 212 2011 que
234 1930 266 1991 et
286 1928 468 2010 aequalium
489 1926 577 1989 hisce
593 1930 769 1990 metrorum
784 1927 1047 1992 numerositatem
1062 1947 1118 2010 ap-

149 2011 378 2096 probaverunt.
409 2010 472 2085 oui
494 2009 584 2074 fuere
605 2010 826 2092 multiformes,
848 2011 975 2095 tenelli,
999 2011 1118 2096 arguti,

149 2095 267 2159 nitoris
289 2116 386 2176 supra
402 2114 498 2177 quam
517 2094 602 2158 credi
623 2098 731 2178 potest
752 2095 900 2180 studiosi,
923 2116 1119 2179 quamquam

150 2182 272 2243 certum
295 2182 344 2241 est
370 2178 546 2325 simplicem
568 2179 694 2276 pulchri
712 2180 854 2264 rectique
876 2201 1004 2244 sensum
1025 2181 1119 2244 nullo
1167 2197 1168 2244 l

149 2264 224 2328 fuco
246 2261 407 2345 nullisque
442 2262 597 2348 enociniis
619 2285 712 2347 posse
735 2265 942 2348 compensari.
991 2264 1119 2348 Nempe
1167 2257 1168 2330 l

151 2348 227 2412 dum
242 2347 390 2412 varietati
404 2351 580 2412 metrorum
596 2352 628 2411 et
648 2348 825 2433 elegantiae
846 2350 1038 2432 consulitur,
1058 2350 1120 2413 rni-
1167 2355 1168 2448 l

149 2455 229 2498 nore
252 2454 324 2496 cum
355 2454 431 2496 cura
458 2432 640 2496 habuerunt
667 2433 748 2497 illud
770 2456 850 2517 quae
873 2435 988 2517 cuique
1011 2436 1121 2498 essent

151 2521 228 2602 apta
254 2517 397 2581 carmini.
442 2516 535 2582 Vnde
564 2521 596 2581 et
618 2515 755 2582 Serenus
781 2540 831 2582 res
858 2519 1009 2582 leviculas
1030 2518 1120 2581 haud
1167 2591 1168 2598 ἵ

153 2624 227 2666 raro
256 2601 454 2666 cothurnatis
481 2603 682 2686 persequitur
709 2605 850 2668 numeris
873 2603 1055 2686 etquidem
1079 2625 1119 2666 eo
1167 2609 1168 2648 l

151 2686 329 2750 dementiae
365 2689 539 2772 progressi,
578 2690 615 2751 ut
647 2687 729 2771 epici
765 2688 914 2752 carminis
949 2687 1119 2750 materiam

151 2770 294 2834 dimetris
322 2770 467 2835 iambicis
494 2776 706 2836 attenuarent.
750 2772 822 2838 Hoc
850 2776 898 2835 est
925 2772 1011 2854 quod
1038 2770 1119 2835 dicit
1167 2791 1168 2824 f

153 2853 371 2929 Quintilianus
398 2857 481 2920 circa
508 2856 657 2920 stilicidia
684 2856 784 2939 affici,
814 2856 852 2918 de
874 2856 1038 2920 maiestate
1059 2878 1120 2939 po-
1167 2909 1168 2918 ,

42 2954 52 2960 ·
152 2938 223 3022 puli
244 2937 383 3004 Romani
405 2940 538 3004 demisse
560 2961 654 3024 agere
676 2944 709 3005 et
730 2940 898 3004 subtiliter.

218 3022 367 3088 Ceterum
395 3025 489 3089 omisi
516 3045 625 3087 versus
647 3025 734 3108 illos,
762 3025 818 3106 qui
840 3024 924 3108 apud
946 3025 1121 3108 scriptores
1167 3047 1168 3066 .

147 3107 307 3172 historiae
334 3110 500 3194 Augustae
529 3112 714 3192 occurrunt,
742 3130 784 3172 ne
811 3109 973 3173 barbaries
1000 3109 1118 3176 horum
1167 3147 1168 3158 .

151 3192 297 3256 Anniani
319 3215 355 3257 ac
377 3192 488 3258 Sereni
511 3196 543 3257 et
563 3192 759 3275 reliquorum
782 3193 924 3259 officeret
944 3193 1052 3276 nitori,
1077 3195 1120 3257 si-

150 3277 219 3341 mul
241 3278 317 3362 quia
338 3300 524 3361 persuasum
545 3281 614 3340 erat
635 3299 689 3340 eos
710 3277 824 3342 melius
845 3277 1000 3343 reservari
1022 3277 1120 3361 syllo-

151 3383 211 3447 gae
233 3363 296 3446 illi,
325 3384 388 3446 quo
412 3363 537 3443 omnia,
566 3365 725 3445 quotquot
746 3367 871 3448 extant,
896 3361 1120 3428 Romanorum

149 3449 295 3512 carmina
315 3445 484 3532 popularia
509 3445 758 3527 complectimur.
