2356 3886
177 197 217 264 18
557 195 766 256 namnum

176 378 227 430 630
283 364 397 446 Fitque
419 385 453 428 re
477 364 597 429 ortanti
618 365 759 430 carmine
780 363 898 448 praeda
919 365 1008 430 levis.

238 450 367 515 Interea
388 470 421 514 m
465 448 522 513 ‘dis
543 470 611 514 non
633 448 750 514 desinit
771 448 900 513 Africus
922 449 982 513 alis

282 533 460 600 Continuus
481 535 572 620 picea
592 534 679 599 nube
700 552 819 620 negare
840 533 917 598 dies.

237 619 307 684 Iam
328 618 494 684 matutinis
515 618 644 703 Hyades
666 620 830 683 occasibus
850 617 946 682 udae:

279 701 349 769 Iam
370 703 449 768 latet
469 703 607 768 hiberno
628 702 776 767 conditus
797 703 899 768 imbre
921 702 1043 788 lepus,

175 800 226 852 635
240 787 404 874 Exiguum
425 787 537 872 radiis,
560 786 616 852 sed
636 788 762 874 magnis
784 787 949 870 fluctibus,
972 792 1110 872 asurim,

281 871 351 950 Quo
374 871 534 939 madidam
555 871 664 936 nullus
685 872 796 937 navita
816 872 935 957 linquit
956 871 1101 938 humum.

237 956 386 1042 Namque
407 957 585 1040 procelloso
608 955 814 1042 subiungitur
835 956 969 1022 Oarioni

280 1041 540 1139 Aestiferumque
562 1039 683 1106 Canem
704 1041 829 1106 roscida
850 1040 968 1125 praeda
988 1041 1083 1128 fugit.

238 1126 387 1192 Vidimus
408 1126 519 1190 excitis
540 1128 677 1209 pontum
698 1125 867 1191 flavescere
889 1126 994 1192 arenis

174 1224 226 1274 640
282 1213 391 1294 Atque
414 1213 556 1274 eructato
578 1210 697 1276 vertice
718 1232 794 1276 rura
813 1211 896 1297 tegi:

243 1294 387 1371 Qualiter
408 1292 554 1358 Oceanus
576 1294 689 1360 mediis
711 1295 892 1360 infrmditur
913 1297 1014 1381 agris,

281 1377 493 1444 Destituenda
514 1400 597 1466 vago
619 1401 692 1444 cum
712 1380 831 1465 premit
851 1401 928 1445 arva
950 1380 1033 1464 salo;

241 1463 315 1529 Sive
337 1463 400 1529 alio
423 1464 540 1529 refluus
561 1468 673 1531 nostro
696 1464 869 1531 conliditur
891 1465 961 1530 orbi
967 1515 977 1549 ,

282 1547 356 1614 Sive
378 1570 509 1616 corusca
531 1551 595 1614 suis
618 1549 721 1615 sidera
741 1550 845 1633 pascit
865 1550 965 1633 aquia.

276 2101 278 2106 ν
392 2057 571 2131 LIBER
606 2056 918 2133 SECVNDVS.

604 2261 705 2271 -—

238 2389 392 2456 Nondum
414 2391 531 2476 longus
546 2395 615 2456 erat
628 2412 688 2456 nea
709 2393 811 2457 multa
824 2393 990 2458 volumina
1010 2415 1134 2480 passae,

277 2475 351 2540 Iure
373 2497 430 2540 suo
451 2478 580 2560 poterat
599 2476 728 2562 longior
749 2499 817 2542 esse
839 2477 933 2541 liber:

238 2559 357 2626 Taedia
377 2562 531 2626 continuo
553 2561 663 2626 timuit
683 2583 817 2627 censura
837 2561 956 2646 labori,

279 2643 411 2710 Sumere
431 2667 473 2710 ne
494 2647 596 2711 lector
617 2646 692 2732 iuge
713 2651 845 2731 paveret
866 2668 955 2730 opus.

208 2727 342 2815 oSaepe
364 2730 443 2794 cibis
464 2729 569 2796 adfert
589 2752 678 2795 serus
698 2731 827 2797 fastidia
847 2731 936 2794 finis:

280 2813 409 2880 Gratior
431 2818 479 2878 est
499 2815 632 2882 modicia
653 2815 821 2881 haustibus
842 2815 929 2879 unda
950 2815 1013 2883 siti.

237 2898 412 2964 Intervalla
433 2899 503 2964 viae
524 2899 617 2964 fessis
637 2904 799 2985 praestare
821 2898 947 2964 videtur

283 2981 345 3058 uui
366 2988 460 3050 notat
480 2984 652 3068 inscriptus
673 2985 763 3050 milia
778 2983 894 3049 ‘crebra
911 2985 1005 3069 lapis.

236 3066 399 3132 Partimur
419 3068 578 3152 trepidum
600 3091 658 3152 per
678 3068 832 3155 opuscula
852 3069 929 3134 bina
948 3070 1112 3156 ruborem,

194 3164 228 3215 10
285 3150 387 3227 Quem
409 3154 508 3219 satius
528 3153 635 3218 fuerat
656 3153 843 3219 sustinuisse
865 3154 971 3220 semel.

235 3235 378 3302 Tandem
398 3238 546 3304 nimbosa
566 3239 663 3304 maris
685 3238 850 3304 obsidione
871 3239 984 3304 solutis

152 3335 153 3338 ’
278 3321 396 3420 Pisano
418 3326 515 3421 portu
536 3324 674 3422 contigit
695 3325 760 3422 alta
781 3324 879 3423 sequi.

236 3406 367 3472 Amdet
387 3407 548 3491 placrdum
569 3408 665 3474 radus
687 3410 900 3493 cnspantrbus
921 3427 1053 3492 aequor,

277 3493 321 3559 ut
342 3491 463 3558 sulcata
483 3492 546 3558 leri
568 3496 746 3559 murmmat
766 3493 853 3557 unda
874 3503 964 3555 sono.
