2356 3886
464 181 636 238 SERENVS.
989 176 1033 243 ὦ

67 346 156 412 1975
171 367 240 430 sqq.
271 343 312 410 Se
334 344 445 409 timius
466 343 575 409 docuit
589 365 653 428 quo
667 345 751 409 ruris
766 345 920 428 opuscula
940 344 1033 428 libro,

61 433 131 497 hoo
153 450 271 515 genere
349 429 422 494 idue
450 429 575 495 cecinit.
618 450 739 512 ponere
760 452 862 514 pauca
882 429 964 496 mihi
984 435 1035 496 sat

65 517 142 582 erit.
185 514 237 580 Ex
258 513 444 580 Terentiani
466 513 606 578 carmine
627 517 665 578 ut
683 515 836 598 pleraque
858 514 959 599 petita
979 515 1034 580 ha·

63 604 125 666 bet
146 599 256 664 eadem
277 597 399 664 Marius
420 597 608 664 Victorinus
628 619 683 684 pg.
706 600 767 664 177
790 599 829 682 G,
850 599 907 666 ubi
928 601 1034 664 minus

62 688 151 750 bene
174 684 293 770 legitur
314 683 426 748 ‘dum'
449 704 508 766 pro
532 687 650 766 ‘oum',
670 687 703 748 et
723 682 838 747 ‘mihi'
861 707 921 768 pro
944 685 1033 749 ‘mi'.

65 770 194 836 Versus
215 770 245 834 3.
267 767 291 832 4
310 789 351 832 ex
372 767 504 833 atterius
526 767 675 832 carminis
696 767 855 852 principio
877 769 1006 853 sumpti.

66 856 99 919 2.
340 873 414 916 rure
435 852 544 936 puella
564 855 662 938 vagat
683 851 797 917 viride.

133 937 262 1087 Niiiius
283 957 337 1022 pg.
352 937 414 1002 467
437 959 461 1002 s.
478 960 507 1002 v.
524 957 622 1023 vagas
642 959 702 1021 pro
724 937 860 1022 vagaris.
897 935 1035 1002 Serenus

66 1048 87 1088 o
113 1045 169 1088 uso
235 1072 242 1087 .

67 1047 112 1174 3p
181 1107 314 1192 pingere
337 1106 556 1171 collibitumst.
584 1105 773 1192 graphidem
795 1105 877 1173 date.
898 1106 1035 1190 promite

679 1190 900 1256 chromatium.

137 1274 310 1341 Diomedes
330 1296 385 1361 pg.
406 1275 470 1340 516
492 1273 604 1340 Sereni
625 1274 713 1340 aliud
733 1277 798 1342 tude
820 1280 881 1342 est:
926 1275 1036 1361 ingere

68 1385 98 1426 e.
115 1383 147 1446 q.
168 1384 192 1426 s.
215 1399 256 1408 —
279 1360 424 1445 superius
446 1381 571 1425 oomma
591 1363 641 1425 est
660 1364 882 1427 tetrametrum
902 1298 1037 1426 ieroum

70 1469 112 1511 0³
129 1444 1035 1614 turture

69 1569 114 1580 -
494 1579 504 1613 ‚
1026 1568 1037 1578 .

70 1639 143 1680 ram
163 1614 283 1699 potiori
305 1613 429 1698 oedere3
454 1613 640 1678 ‘volarium’
664 1613 734 1678 odd.

69 1702 102 1765 4.
342 1698 526 1782 labiumque
548 1697 675 1784 insigne
696 1698 831 1763 revellit.

136 1783 264 1850 Nonius
286 1805 311 1849 s.
327 1806 357 1848 v.
379 1783 501 1847 labium
521 1782 665 1870 pg.210:
686 1781 826 1848 Serenus
847 1782 882 1846 in
904 1803 1037 1866 opuseu-

72 1870 124 1934 lis.
147 1907 189 1918 —-
212 1868 431 1951 ‘labiumque'
453 1867 533 1952 edd„
556 1867 767 1952 ‘leviumque'
791 1866 859 1932 odd.
875 1905 917 1916 —
932 1865 1037 1943 Quan-

73 1960 146 2019 tum
168 1954 209 2018 ad
229 1974 307 2036 rem,
329 1952 370 2017 of.
392 1951 472 2018 Hor.
494 1974 521 2018 o.
543 1953 569 2037 Ι,
593 1953 642 2037 13,
666 1953 800 2018 11-15.

71 2041 103 2104 5.
344 2037 507 2103 oulioellus
528 2038 650 2104 amasio
671 2037 793 2104 Tullus.

137 2121 310 2188 Diomedes
336 2145 357 2206 p
383 2172 390 2187 .
412 2123 491 2206 513,
513 2123 570 2207 qui
590 2146 614 2188 n
659 2145 694 2188 as
715 2123 809 2189 affert
829 2122 868 2188 de
890 2123 953 2188 hoo
974 2145 1038 2187 me-

75 2212 137 2272 tro.
182 2207 332 2271 ‘Tullae'
354 2143 603 2292 iVernsdorfius,
627 2213 636 2244 ³
693 2208 752 2273 lle’
775 2231 805 2273 v.

74 2293 105 2357 6.
345 2292 440 2358 callet
461 2293 587 2358 senium
608 2297 676 2358 arte
697 2291 836 2358 bibendi.

138 2375 171 2442 N
173 2376 267 2442 onius
288 2395 341 2462 pg.
356 2375 435 2441 257:
458 2377 554 2443 eallet
575 2377 736 2464 signifieat
756 2377 817 2441 soit
835 2414 879 2423 —
902 2373 1039 2440 Serenus

74 2463 112 2526 in
133 2482 152 2525 o
176 2460 304 2526 usculis.
319 2499 361 2508 -
384 2461 502 2526 ‘callet’
519 2461 716 2527 Genevensis
736 2460 818 2524 liber
839 2481 912 2524 oum
932 2459 1039 2542 priore

74 2483 195 2632 Lugii,
217 2544 359 2610 ‘callent'
382 2543 487 2610 Guelf.
509 2545 666 2610 ‘bibendi’
687 2544 809 2626 Iunius,
833 2542 985 2607 ‘vivendi'
1008 2566 1037 2608 v.

75 2633 105 2696 7.
358 2627 526 2695 maanus
547 2633 644 2713 atque
665 2626 800 2714 sailitos]

139 2713 242 2780 Fuere
264 2713 321 2797 qui
366 2735 421 2778 aeo
442 2715 540 2779 verba
560 2735 643 2797 quae
664 2714 815 2799 leguntur
837 2733 887 2795 ap.
909 2710 1039 2777 Diome-

76 2799 150 2864 dem
171 2820 226 2886 pg.
248 2797 327 2882 372,
349 2820 422 2863 oum
443 2797 562 2864 Severo
589 2797 748 2881 adscripta
769 2799 876 2862 essent
896 2818 915 2860 a
936 2817 1040 2882 gram·

75 2884 205 2969 metica,
228 2881 348 2948 Sereno
369 2885 483 2969 poetae
497 2882 667 2949 inbuenda
688 2903 755 2946 esse
778 2884 953 2965 censerent,
968 2882 1040 2946 sub-

75 2973 180 3034 tracta
201 2967 349 3052 equidem
370 2969 397 3053 l,
424 2971 462 3032 ut
487 2968 724 3052 paroemiaoum
750 2970 934 3050 aequarent.
977 2965 1040 3033 Sed

78 3053 128 3118 illi
150 3076 247 3138 quam
274 3053 371 3138 longe
392 3075 412 3118 a
433 3075 509 3118 vero
538 3052 717 3119 aberrarint
742 3054 780 3115 ut
800 3050 895 3134 plene
916 3051 1040 3117 intelle-

78 3142 175 3224 gatur
195 3138 226 3202 le
249 3136 331 3201 enda

80 3225 110 3288 8.
184 3157 262 3288 cedo
284 3160 402 3288 testiria
422 3223 500 3288 trita
521 3222 605 3288 solo!
629 3242 684 3286 oor
705 3220 751 3285 iet
770 3220 831 3285 tibi
851 3242 910 3305 per
931 3242 1040 3305 specu-

142 3390 315 3457 Diomedes
335 3413 390 3476 pg.
412 3392 489 3458 511:
512 3305 832 3476 anapiauensiieiidiliqiri
846 3412 886 3454 ex
906 3388 1041 3474 pedibus

79 3476 260 3562 anapaestis
288 3479 428 3561 constat,
455 3477 529 3542 talis
558 3476 666 3542 estin
693 3474 823 3542 Sereno.
856 3511 899 3522 —
926 3473 1039 3538 ‘cedo’
1161 3571 1162 3574 Ἴ

374 3160 434 3204 uae
455 3136 623 3204 adnotavit
642 3135 767 3202 Keilius
788 3135 809 3200 l.
831 3157 874 3200 m.

614 3786 757 3848 Α
983 3801 1161 3848 ἢ,
