2356 3886
165 180 200 226 VI
536 137 750 225 PRAEFATIO.

230 330 318 415 Opus
351 333 419 396 eius
451 352 509 414 per
539 330 679 396 medium
706 351 819 396 aevum
850 331 959 398 codice
988 334 1131 418 quodam

165 417 312 481 coenobii
346 415 530 499 Bobieusis,
565 417 616 481 cui
646 420 698 482 tot
728 414 891 499 praeclara
922 418 1130 504 ingeniorum

164 506 373 568 monumenta
400 501 565 586 debemus,
596 505 757 566 servatum
784 523 856 565 cum
884 524 970 567 auno
1000 503 1088 568 1494
1115 528 1131 568 a

166 587 305 671 Georgio
339 585 487 650 Galbiato
524 591 606 651 esset
641 587 823 669 inventum,
859 587 968 669 paullo
1003 594 1082 672 post
1113 613 1130 653 a

165 671 289 736 Thoma
323 670 537 756 lnghirami0,
574 671 625 735 eui
659 669 797 734 Phaedri
833 675 902 735 erat
936 693 1128 758 cognomen,

164 757 357 840 descriptum
386 760 418 822 et
443 756 572 821 tandem
599 754 735 820 Romam
763 759 960 839 asportatum
989 762 1054 841 est;
1093 781 1128 822 11

165 865 228 992 quo
266 842 438 924 exemplari
474 841 604 905 ductum
639 839 725 904 aliud
761 841 958 924 comparavit
991 842 1128 908 Iacobus

188 927 385 992 annazarius.
435 924 522 990 Dein
557 925 748 1009 compluries
784 925 869 989 idem
903 931 1127 1013 propagatum.

163 1012 236 1096 Ipse
259 1016 366 1077 autem
387 1010 577 1095 archetypus
593 1009 813 1096 Carolingicae
832 1014 868 1074 ut
883 1011 1009 1076 ridetur
1030 1014 1128 1078 aetati

165 1119 294 1182 compar
316 1102 349 1162 et
369 1095 485 1161 litteris
508 1099 654 1160 exaratus
669 1094 919 1180 Langobardieis
941 1118 1014 1161 cum
1031 1095 1127 1162 Bobii

164 1183 382 1264 remansisset,
405 1181 489 1244 circa
510 1203 631 1245 anuum
655 1181 737 1245 1700
755 1202 812 1263 per
826 1180 1051 1246 Bonnevalum
1072 1183 1127 1247 ho·

164 1269 284 1331 minem
300 1266 428 1363 Gallum
447 1267 641 1330 monasterio
662 1265 837 1364 subductus
859 1271 892 1331 et
912 1266 1050 1332 fortasse
1065 1267 1127 1332 Eu-

164 1373 261 1502 {tlt
282 1350 1126 1524 111111111111111111111

165 1522 304 1606 quodam
335 1520 479 1605 illorum,
513 1544 593 1608 quae
626 1521 744 1606 passim
778 1543 816 1586 ex
850 1521 958 1586 codiee
988 1521 1127 1587 Phaedri

165 1607 260 1672 dueta
291 1610 380 1690 sunt,
414 1629 441 1671 a.
476 1608 557 1673 1520
588 1606 755 1672 Bononiae
787 1605 948 1672 Iohannes
981 1606 1128 1690 Baptista
1162 1637 1163 1670 2

163 1692 241 1757 Pius
267 1693 353 1778 typis
387 1715 569 1776 expressum
595 1692 710 1756 Rutilii
742 1713 869 1758 carmen
903 1691 1015 1776 edidit,
1051 1694 1127 1758 satis

164 1778 313 1861 fideliter,
336 1782 372 1842 ut
393 1799 451 1861 pro
474 1779 538 1843 illis
558 1776 771 1860 temporibus,
794 1777 850 1841 sed
864 1777 1038 1861 exemplari
1052 1799 1127 1842 usus

164 1864 270 1928 minus
297 1864 393 1928 bono.
443 1862 574 1928 Praeter
601 1862 688 1926 hunc
715 1861 801 1926 solus
830 1860 1016 1948 Onuphrius
1045 1861 1127 1928 Pan-

165 1948 270 2012 vinius
299 1949 334 2011 in
359 1949 544 2013 recensione
572 1969 600 2010 a.
626 1946 707 2011 1558
734 1947 896 2030 publicata
917 1949 1071 2031 scriptum
1093 1949 1127 2013 in

165 2032 318 2097 auxilium
340 2032 468 2097 vocavit
488 2033 620 2114 librum,
648 2053 708 2096 nee
734 2031 818 2096 ultra
843 2032 968 2098 additos
993 2032 1126 2116 abipso

164 2138 273 2181 versus
299 2116 320 2180 l.
349 2115 381 2199 I,
409 2117 576 2183 575-78.
610 2155 646 2163 —
681 2116 731 2180 Ex
763 2117 895 2202 reliquis
927 2119 1126 2202 superiorum

165 2201 363 2267 saeculorum
390 2201 578 2285 editoribus,
607 2202 722 2286 quibus
749 2202 818 2267 sola
844 2203 968 2287 ingenii
995 2224 1127 2288 operes

165 2287 229 2351 fuit
255 2285 393 2384 agenda,
423 2287 499 2352 satis
527 2287 663 2352 multum
684 2286 808 2371 profuit
828 2286 950 2352 Rutilio
972 2288 1126 2373 Iosephus

165 2371 305 2437 Oastaho
329 2369 368 2458 [a.
393 2371 502 2461 1582]‚
530 2372 636 2436 minus
658 2371 826 2454 Pithoeus,
854 2371 1069 2459 Barthiusque
1095 2378 1127 2438 et

165 2456 424 2522 Almeloveenius
454 2457 492 2546 [a.
523 2458 613 2522 1590.
643 2457 733 2522 1623.
765 2455 873 2542 1687],
907 2480 924 2522 e
957 2459 1072 2541 quibus
1100 2460 1126 2522 is

166 2564 261 2625 quem
281 2543 386 2626 primo
408 2542 479 2608 loeo
502 2543 676 2607 memoravi
690 2542 797 2626 potuit
812 2541 939 2627 quidem
953 2542 1125 2626 plurimum

164 2631 325 2711 praestare
340 2627 389 2690 illi
404 2628 431 2691 si
448 2628 482 2691 id
503 2629 634 2712 egisset,
657 2626 738 2692 alter
752 2650 791 2692 ex
805 2649 894 2692 more
909 2650 966 2692 suo
982 2629 1127 2693 oneravit

164 2711 272 2795 potius
294 2715 436 2796 poetam,
465 2734 560 2797 quem
588 2712 820 2780 emendandum
842 2712 1124 2798 explicandumque

165 2796 226 2861 sibi
248 2800 440 2880 sumpserat,
470 2820 566 2882 quam
594 2799 735 2881 ornavit,
762 2797 876 2862 tertius
903 2819 966 2946 qqa
991 2801 1059 2863 erat
1079 2799 1125 2862 in·

165 2881 253 3030 panii
275 2881 435 2967 aequabili
456 2882 674 2948 mediocritate
697 2885 731 2947 in
756 2903 909 2946 receneen
934 2882 957 2948 's
984 2887 1124 2949 veterum
1162 2961 1163 2975 χ

178 2967 256 3031 ibris
277 2967 385 3051 potius
407 2967 533 3053 eulpam
548 2968 664 3032 vitavit
701 2989 775 3032 uam
797 2967 924 3032 laudem
945 2969 1124 3034 11111111.-
1162 2991 1163 3052 1

166 3051 228 3117 Sed
254 3053 373 3150 optime
401 3053 533 3117 meritus
560 3057 608 3116 est
630 3052 667 3116 de
680 2991 826 3135 tltutilio,
856 3053 945 3118 cuius
972 3053 1123 3118 librorum
1162 3071 1163 3092 ¹

164 3136 315 3220 reliquias
338 3136 488 3226 [111731]
511 3141 679 3222 poetarum
700 3138 875 3203 latinorum
896 3138 952 3222 qui
972 3143 1107 3203 vocantu

166 3222 327 3287 minorum
341 3223 499 3288 volumini
514 3223 606 3288 alteri
621 3223 770 3307 inseruit,
793 3222 907 3288 Petrus
927 3222 1121 3288 Burmannus
1162 3231 1163 3284 l

166 3309 206 3373 ob
234 3329 304 3372 eam
334 3329 402 3372 rem
430 3309 516 3392 quod
536 3308 577 3374 N.
601 3307 727 3374 Heinsii
754 3309 908 3393 plurimas
930 3308 1120 3373 coniecturas

164 3392 285 3476 publici
312 3393 390 3460 fecit
416 3393 494 3460 iuris
521 3395 610 3479 (nam
638 3394 733 3459 etiam
761 3415 842 3476 quae
876 3392 966 3475 quasi
998 3393 1121 3476 propria
1162 3421 1163 3492 q

165 3477 258 3545 affert
279 3483 460 3546 commenta
479 3501 517 3543 ex
532 3485 622 3563 parte
639 3483 722 3544 certe
737 3479 828 3543 illum
843 3476 950 3561 potius
966 3480 1120 3542 auctorem
1162 3511 1163 3525 1
