2356 3886
383 174 491 228 LIBER
511 174 657 230 PRIMVS.
966 170 1006 232 15

26 343 180 406 Aversor
202 337 365 422 scopulos,
389 336 497 400 damni
518 342 727 403 monuments
748 340 898 408 recentis:

75 423 229 488 Perditus
250 421 303 487 bie
325 422 399 486 vivo
421 421 534 485 funere
556 422 633 486 civis
656 427 732 488 erat.

28 509 159 574 Noster
180 506 267 572 enim
288 529 392 590 nuper
412 506 538 570 iuvenis
560 507 734 571 maioribus
756 509 886 593 amplis,

75 592 150 658 Nec
172 613 269 656 censu
291 591 427 656 interior
448 591 639 675 coniugiove
661 592 783 676 minor,
953 607 1004 656 520

29 679 198 762 Impulsus
219 676 327 758 furiis,
349 675 497 740 homines
520 679 684 759 terrasque
706 676 849 761 reliquit,

74 763 123 827 Et
144 766 271 845 turpem
292 761 449 825 latebram
471 760 617 825 credulus
639 760 712 824 exul
734 760 808 826 adit.

29 847 154 912 Infelix
174 849 269 930 putat
289 845 400 910 illuvie
422 845 571 910 caelestia
591 845 694 928 pasci,

76 931 184 1016 Seque
205 929 324 1014 premit
344 930 438 994 laesis
461 930 586 994 saevior
608 931 676 1013 ipse
697 929 775 993 deis.

30 1017 129 1100 Non,
152 1035 247 1100 regu,
270 1014 409 1079 deterior
431 1013 550 1080 Circeis
573 1018 660 1079 secta
680 1015 836 1079 venenis?
954 1029 1004 1078 515

62 1101 170 1164 -Τ11110
192 1101 398 1164 mutabantur
420 1120 570 1183 corpora,
596 1121 683 1164 nunc
705 1099 813 1164 animi.

30 1185 114 1250 lnde
138 1184 342 1248 Triturritam
363 1185 518 1267 petimus:
541 1185 587 1248 sic
609 1185 687 1249 villa
708 1189 854 1268 vocatur,

77 1269 168 1346 Quae
189 1269 254 1333 late
276 1269 416 1352 expulsis
437 1268 543 1334 insula
564 1291 666 1352 paene
688 1268 789 1334 fretis.

30 1355 184 1438 Namque
206 1376 304 1418 manu
326 1354 444 1418 iunctis
465 1353 610 1436 procedit
631 1355 666 1417 in
688 1375 829 1438 aequora
849 1356 948 1439 saxis,

78 1439 206 1523 Quique
229 1438 358 1502 domum
380 1440 502 1522 posuit,
526 1437 669 1502 condidit
691 1443 765 1502 ante
787 1440 900 1505 solum.
949 1454 1001 1502 530

32 1525 234 1610 Contiguum
257 1524 365 1607 stupui
387 1527 530 1606 portum,
554 1544 650 1606 quem
663 1521 750 1586 fama
764 1522 948 1606 frequentat

98 1609 247 1673 Pisanum
269 1608 412 1691 emporio
436 1607 618 1691 divitiisque
640 1606 746 1670 maris,

31 1695 120 1758 Mira
140 1694 205 1758 loci
225 1692 332 1756 facies.
376 1691 496 1777 Pelago
519 1693 689 1776 pulsantur
710 1695 821 1774 aperto

75 1778 180 1861 Inque
203 1798 313 1842 omnes
335 1781 449 1842 ventos
471 1777 567 1842 litora
588 1776 675 1841 nuda
695 1780 824 1860 patent:

29 1863 111 1928 Non
132 1861 217 1926 ullus
239 1861 360 1945 tegitur
381 1884 439 1945 per
460 1862 591 1927 brachia
610 1865 682 1926 tuta
703 1882 859 1946 recessus,
951 1875 1003 1924 535

76 1947 207 2012 Aeolias
229 1947 331 2030 possit
353 1948 409 2029 qui
430 1948 601 2031 prohibere
623 1947 741 2011 minas:

32 2032 97 2097 Sed
118 2053 251 2115 procera
273 2052 331 2095 suo
353 2032 550 2115 praetexitur
571 2032 645 2118 alga
665 2031 863 2116 profund0‚=

76 2115 220 2181 Molliter
242 2115 380 2180 offensae
402 2139 470 2182 non
490 2118 638 2181 nocitura
659 2118 735 2199 rati3

29 2202 77 2266 Et
99 2205 208 2265 tamen
223 2201 358 2264 insanas
381 2201 521 2266 cedendo
543 2202 709 2287 interligat
730 2202 847 2285 undas,

76 2285 146 2350 Nec
169 2286 247 2348 sinit
268 2307 307 2348 ex
329 2286 394 2349 alto
417 2286 537 2371 grande
559 2287 711 2352 volumen
732 2287 795 2370 agi,

30 2371 194 2452 Tempora
214 2370 337 2454 navigii
359 2370 461 2434 clarus
482 2374 685 2454 reparaverat
705 2370 825 2434 Eurus:

76 2453 140 2519 Sed
161 2454 242 2518 mihi
263 2454 451 2518 Protadium
473 2456 575 2520 visere
598 2477 673 2518 cura
694 2453 772 2536 fuit3

26 2540 137 2614 'Quem
159 2540 215 2622 qui
236 2538 320 2602 forte
343 2537 421 2602 velit
443 2540 536 2604 certis
559 2558 750 2623 cognoscere
773 2536 888 2619 signis,

74 2623 215 2689 Virtutis
237 2622 399 2706 specimen
421 2624 514 2688 corde
536 2623 643 2687 videre
665 2624 771 2704 putet:

29 2707 63 2773 N
65 2731 102 2773 ec
123 2709 227 2792 magis
249 2707 367 2772 efficiet
389 2706 526 2772 similem
546 2708 672 2790 pictura
693 2705 814 2785 colore,

76 2792 181 2868 Quam
203 2815 284 2876 quae
306 2793 344 2856 de
367 2792 490 2856 meritis
512 2793 613 2855 mixta
633 2791 737 2875 figura
759 2788 857 2854 venit.

30 2877 228 2962 Aspicienda
248 2879 360 2960 procul
384 2881 469 2941 certo
492 2876 662 2960 prudentia
683 2875 790 2956 vulta,

74 2962 255 3046 Formaquc
278 2963 418 3028 iustitiae
441 2961 641 3046 suspicienda
662 2960 767 3024 micat.

32 3047 83 3112 Sit
104 3046 240 3111 fortasse
261 3048 384 3131 minus,
408 3048 435 3112 si
456 3046 565 3112 laudet
587 3045 693 3112 Gallia
714 3045 832 3108 civem:

74 3132 180 3196 Testis
202 3131 305 3196 Roma
326 3134 376 3196 sui
397 3133 552 3216 praesulis
575 3153 642 3196 esse
664 3132 779 3214 potest.

32 3216 209 3282 Substituit
228 3215 341 3299 patriis
363 3217 536 3282 mediocres
559 3215 694 3280 Vmbria
715 3213 818 3278 sedes:

74 3300 189 3366 Virtus
210 3300 374 3364 fortunam
396 3301 474 3365 fecit
495 3305 662 3383 utramque
683 3321 801 3382 parem.

31 3386 126 3450 Mens
148 3385 269 3450 invicta
290 3384 351 3448 viri
373 3407 431 3467 pro
454 3385 580 3470 magnis
602 3387 846 3467 perpetuetur,

75 3471 140 3534 Pro
162 3471 269 3552 parvis
292 3469 399 3534 animo
421 3490 539 3553 magna
559 3469 648 3533 fuere
670 3491 738 3535 suo.
