2356 3886
150 177 191 243 38
534 183 732 239 ANNIANVS.

211 349 262 411 Ac
283 347 423 430 primum
445 345 574 430 quidem
593 368 662 411 non
683 346 822 411 adducor
839 350 876 410 ut
896 345 1022 411 credam
1040 369 1129 431 opu-

149 432 274 496 sculum
299 435 367 496 tam
388 431 532 496 ieiunum
553 435 586 496 et
606 430 772 496 indoctum
792 453 812 496 a
833 431 1046 516 grammatico
1072 433 1128 496 sui

148 516 302 599 temporis
330 515 545 581 eruditissimo
572 537 640 581 esse
665 515 862 600 profectum3
890 517 1125 600 nequeenim,

148 605 186 665 ut
206 601 269 664 hoo
290 601 436 684 exemplo
458 605 546 684 utar,
568 623 662 665 verus
683 602 737 666 ille
753 599 882 666 Servius
903 600 1125 686 galliambum

149 706 189 749 ex
215 684 351 750 dimetro
377 685 515 751 iambico
542 685 726 751 catalectico
755 708 828 752 oum
861 689 1036 768 anapaesto
1068 688 1126 750 vel

149 769 285 855 spondio
317 774 350 836 et
370 770 495 836 duobus
516 771 630 836 iambis
652 774 798 835 constare
821 769 961 835 dixisset
1005 769 1124 836 Etiam
1168 807 1169 848 3

148 855 211 920 hoo
232 855 411 920 notandum
433 855 614 939 quodcum
641 855 676 918 in
703 855 833 919 scholiis
855 853 984 920 Servius
1005 859 1123 938 pocta-

148 961 221 1004 rum
242 961 353 1004 versus
375 961 414 1004 ex
435 939 574 1022 plurima
594 939 733 1003 lectione
747 941 866 1022 petitos
880 939 994 1004 adierat
1011 961 1122 1022 paene

148 1024 409 1106 innumerabiles,
425 1024 606 1087 centimelri
620 1026 732 1088 auctor
751 1024 831 1089 adeo
847 1045 902 1088 eos
916 1023 1122 1108 reformidat,

148 1114 186 1173 ut
207 1131 248 1174 ne
271 1109 307 1172 in
327 1108 504 1173 notissimis
526 1107 655 1191 quidem
675 1108 785 1172 metris
800 1108 938 1193 Vergilii
959 1108 1026 1172 sive
1050 1109 1124 1174 Ho-

150 1193 225 1258 ratii
248 1193 394 1276 exempla
414 1213 561 1275 promere
583 1191 748 1276 sustineat,
763 1214 844 1276 quae
866 1191 1023 1277 siquando
1047 1217 1122 1258 sue-

148 1281 317 1342 currenmt
330 1299 368 1341 ea
381 1277 513 1360 proprio
528 1277 670 1361 periculo
692 1278 852 1342 invertere
867 1300 964 1362 quam
985 1278 1121 1364 integra
1168 1343 1169 1380 1

149 1361 300 1426 adhibere
322 1361 445 1446 maluit,
468 1361 552 1426 sicut
571 1361 693 1426 factirm
713 1361 750 1426 in
772 1360 931 1447 Sapphico
953 1362 1027 1427 illo:

210 1445 321 1514 Faune
342 1445 557 1530 nympharum
578 1450 682 1512 metus
703 1450 737 1512 et
757 1447 915 1532 voluptas.

211 1529 359 1614 Denique
381 1553 476 1596 versu
497 1531 555 1597 illo

232 1619 369 1680 mortem
391 1619 603 1682 contemnunt
623 1616 752 1680 laudato
774 1616 907 1680 vulnere
929 1616 1029 1680 Getae

147 1700 283 1766 indicari
304 1705 468 1766 auctorem
489 1723 557 1766 non
575 1699 778 1786 Rhadsgaiso
800 1706 834 1765 et
847 1699 977 1765 Alarico
998 1722 1121 1786 acqua·
1168 1703 1169 1772 ἶ

146 1786 211 1850 lem
239 1786 281 1870 (is
309 1786 397 1850 enim
423 1785 533 1850 odium
559 1785 668 1868 potius
695 1785 747 1850 vel
775 1789 995 1869 contemptum
1016 1807 1121 1870 quam
1168 1807 1169 1888 p

145 1870 275 1935 laudem
303 1870 399 1935 huius
427 1871 533 1955 gentis
561 1868 748 1955 declararet)
776 1870 831 1934 sed
853 1870 908 1954 qui
929 1869 1028 1934 fuerit
1051 1871 1121 1936 Go-
1168 1891 1169 1924 l

146 1955 279 2020 thorum
304 1955 450 2039 regibus,
477 1957 514 2018 ut
542 1957 590 2017 est
617 1954 653 2017 in
685 1953 858 2038 chronicis,
893 1954 1122 2022 obtinentibus
1168 1963 1169 2054 l

148 2039 277 2104 Italiam
299 2038 363 2102 iarn
385 2038 463 2102 alibi
484 2038 596 2102 monui
620 2037 705 2124 [ann.
728 2037 807 2121 phil.
830 2038 958 2104 a.1866
1004 2039 1120 2128 .565].
1168 2059 1169 2122 l

147 2122 242 2187 Vnde
264 2121 374 2186 eadem
389 2121 487 2187 verba
501 2121 613 2186 similis
634 2122 831 2188 condicionis
851 2124 949 2188 horno
1004 2123 1122 2191 idorus

146 2209 698 2357 unu
718 2206 938 2356 esra
960 2208 1123 2380 sris·

274 2313 291 2355 e
536 2313 570 2356 m
641 2314 658 2356 e
716 2315 751 2355 1n
779 2313 796 2356 c
837 2315 939 2358 onro1s
995 2313 1026 2377 g.

146 2377 195 2442 ed.
219 2376 333 2440 Grot..

211 2459 299 2536 Quae
312 2374 400 2525 lcum
426 2460 473 2524 ite
499 2460 579 2544 sint,
607 2460 745 2526 Albinus
772 2461 827 2526 ille
855 2462 911 2546 qui
932 2462 968 2526 in
989 2464 1123 2545 praefa-

145 2546 237 2611 tione
259 2545 440 2610 centimetri
461 2550 656 2611 memoratur
670 2545 797 2612 videtur
817 2547 915 2612 fuisse
936 2545 1022 2612 filius
1044 2549 1123 2616 eius

147 2631 206 2777 pul
232 2652 265 2727 a..
288 2653 320 2714 p.
343 2629 419 2696 (lhr.
441 2630 504 2696 493
531 2631 644 2696 consul
671 2631 775 2697 factus
803 2637 852 2696 est
878 2632 1003 2716 imperii
1031 2637 1123 2700 occi-

168 2736 209 2779 en
286 2765 293 2780 .

210 2797 335 2865 Notum
361 2803 469 2866 autem
491 2799 595 2866 Servii
622 2800 673 2864 vel
695 2799 799 2886 Sergii
826 2820 945 2864 nomen
972 2822 1068 2884 saepe
1098 2829 1124 2869 a
1168 2839 1169 2852 κ

146 2882 286 2948 librariis
313 2885 410 2950 medii
433 2885 515 2950 ¹aevi
549 2884 743 2969 adscriptum
776 2884 913 2948 aliorum
945 2889 1122 2954 auctorum
1168 2879 1169 2938 ἶ

147 2967 331 3036 enchiridiis
358 2970 573 3056 grammaticis
601 2970 668 3035 sive
696 2967 845 3034 metricis.
888 2967 974 3035 Nam
995 2974 1029 3036 et
1049 2975 1120 3038 tra·
1168 2965 1169 3022 l

147 3056 251 3118 otatus
278 3053 317 3119 de
342 3055 492 3120 finalibus
519 3055 575 3152 qui
595 3054 761 3120 Prisciano
787 3052 851 3118 fuit
877 3055 1036 3120 recentior
1059 3055 1117 3144 [of.
1168 3049 1169 3058 ¹

147 3159 223 3204 ann.
268 3137 324 3206 hil.
346 3139 367 3203 l.
390 3138 445 3226 m]
469 3142 502 3204 et
522 3140 636 3204 incerti
663 3138 817 3222 temporis
837 3138 965 3204 libellus
986 3138 1025 3204 de
1046 3163 1117 3208 me-

145 3223 206 3288 tris
261 3223 413 3288 orationis
436 3223 539 3288 cidem
560 3223 674 3287 tributi
696 3221 830 3287 homini.

213 3307 274 3374 Sed
295 3309 331 3370 ut
345 3327 457 3370 revera
471 3308 634 3390 scripserit
647 3307 870 3372 centimetrum
884 3305 1023 3390 Servius,
1043 3330 1117 3377 non

149 3396 258 3457 tamen
282 3389 471 3474 probabitur
501 3390 687 3454 testimonio
715 3389 783 3454 eius
808 3389 921 3456 Sereni
953 3411 1021 3456 esse
1055 3395 1118 3462 illa

151 3475 296 3560 ‘quando
318 3472 445 3558 flagella
466 3473 557 3555 ligas,
578 3473 625 3535 ita
645 3470 738 3554 liga’.
775 3473 860 3538 Nem
874 3495 1010 3559 versum,
1026 3481 1117 3547 unde
1168 3517 1169 3520 ¹
