2356 3886
462 182 660 238 ANNIANVS.
999 181 1041 244 41

68 345 194 412 modos
216 344 383 410 deduxisse
427 343 586 410 loriatur?
606 344 676 411 Nec
691 369 767 412 vero
782 349 953 413 Annianus
974 348 1046 414 ideo

68 431 224 498 Faliscus
245 432 342 514 poeta
363 451 404 494 au
428 429 452 494 't
466 428 553 512 quod
566 429 764 496 Faliscorum
786 433 963 498 carminum
982 433 1046 498 edi·

69 517 126 582 dit
147 516 249 580 libros
271 513 327 578 sed
348 513 435 598 quod
455 513 592 579 fundum
613 515 648 579 in
675 537 753 602 agro
775 515 900 584 Falisco
922 519 1045 584 habuit.

144 599 232 676 Quae
253 620 327 664 cum
347 599 394 664 ita
416 620 449 663 se
470 598 620 682 habeant,
642 605 776 685 apparet
795 602 866 666 falli
886 603 942 688 qui
957 601 1046 669 Sere·

70 707 159 750 num
174 684 373 750 Faliscorum
387 684 565 748 carminum
579 683 698 748 librum
718 687 935 769 composuisse
956 689 1045 754 testi-

71 769 198 836 moniis
225 772 370 834 veterum
398 767 532 834 credunt
559 768 695 853 adstrui3
728 791 833 855 neque
862 793 901 836 aa
926 794 985 855 per
1012 794 1045 837 se

75 854 192 940 opinio
224 854 371 919 umbram
402 853 501 919 habet
532 853 776 938 probabilitatis.
821 853 906 932 Quid
935 857 1046 921 enim?

73 940 251 1004 Annianus
279 960 352 1003 curn
374 936 505 1002 Sueium
532 942 659 1003 secutus
687 942 719 1003 et
745 938 900 1004 Laeuium
927 940 1046 1025 idylliis

75 1025 147 1089 suis
169 1045 249 1109 quae
270 1023 434 1106 inscripsit
453 1022 579 1088 Falisca
605 1023 721 1088 ruralis
742 1025 827 1089 vitae
855 1026 1046 1090 suavitatem

76 1109 291 1192 descripserit,
313 1128 423 1173 nonne
444 1108 579 1172 eandem
614 1109 688 1174 lane
706 1110 873 1174 materiam
887 1111 1046 1174 ruralibus

76 1194 242 1278 opusculis
268 1195 421 1258 tractasse
451 1195 577 1272 constat
592 1131 812 1278 baptimium?
856 1192 919 1269 Qui
946 1194 1047 1281 igitur

75 1301 165 1344 unus
186 1277 285 1344 homo
307 1276 392 1341 idern
406 1281 632 1362 argumentum
654 1279 752 1344 etiam
773 1279 874 1344 altero
896 1301 1046 1365 recoque-

78 1366 134 1428 ret
155 1363 274 1446 opere?
300 1361 386 1427 Nam
407 1361 487 1426 illud
507 1363 602 1427 mitto
624 1363 730 1446 ipsum
751 1363 950 1430 Faliscorum
970 1366 1046 1430 titu-

76 1450 158 1531 lum,
179 1469 252 1512 cum
266 1446 449 1530 aptissimus
471 1445 514 1510 sit
534 1447 625 1511 libris
639 1448 793 1532 Anniani,
816 1451 962 1533 ineptum
978 1471 1046 1515 esse

78 1532 193 1598 Sereni
214 1532 417 1616 carminibus,
439 1531 503 1595 nisi
524 1530 608 1596 forte
629 1531 726 1596 etiam
747 1532 833 1598 hunc
854 1532 990 1598 fundum
1011 1535 1047 1599 in

77 1617 279 1682 Faliscorum
300 1638 379 1702 agro
401 1615 578 1763 possedisse
599 1616 860 1685 existimabimus.

145 1700 295 1767 Ceterum
317 1722 358 1765 ne
380 1700 461 1765 ilud
475 1699 605 1784 quidem
626 1704 676 1765 sat
697 1703 824 1766 constat
837 1701 978 1766 fueritne
999 1721 1046 1766 re-

80 1807 168 1870 vera,
190 1785 224 1850 id
245 1784 332 1870 quod
352 1785 450 1870 vulgo
473 1784 616 1869 credunt,
639 1785 784 1869 exemplo
807 1786 978 1850 Annianus
993 1785 1047 1852 Se·

78 1893 169 1937 reno.
212 1871 326 1954 Neque
352 1874 462 1934 tamen
488 1874 596 1955 potest
621 1871 734 1957 negari
756 1871 942 1955 opinionem
963 1871 1047 1936 hanc

79 1977 140 2021 sua
167 1954 295 2021 defendi
344 1955 557 2021 robabilitate.
600 1954 687 2021 Nam
713 1955 799 2021 idem
825 1957 921 2041 plane
953 1977 1046 2044 argu·

77 2043 225 2106 mentum
252 2045 285 2104 et
339 2039 444 2105 aliscis
471 2040 665 2106 carminibus
694 2045 727 2106 et
754 2042 914 2126 opusculis
934 2043 1046 2108 rurali-

78 2127 157 2209 bus,
186 2124 300 2190 similis
326 2125 455 2210 utrique
481 2129 596 2210 poetae
625 2126 788 2192 variorum
809 2128 930 2212 pariter
951 2131 1046 2212 atque

79 2209 293 2275 insolentium
314 2213 490 2275 metrorum
511 2232 615 2295 amor,
637 2215 675 2276 ut
696 2212 843 2278 omittam
865 2233 1046 2296 comparem

79 2298 249 2379 poetarum
263 2295 412 2380 Augusto
433 2295 578 2379 priorum
600 2296 857 2362 aemulationem.
883 2296 935 2359 Ita
949 2295 1046 2359 etiam

78 2380 318 2465 paroemiacum
338 2400 509 2443 numerum
529 2383 701 2464 utrumque
715 2380 899 2444 adhibuisse
913 2382 1046 2461 constat,

78 2485 185 2548 neque
212 2468 260 2528 est
286 2484 343 2527 cnr
370 2460 525 2527 Serenum
552 2464 699 2531 Oalabrio
726 2467 829 2540 metro
855 2483 950 2527 usum
977 2483 1046 2526 esse

78 2569 249 2634 negemus,
277 2545 364 2632 quod
389 2546 546 2630 placuisse
574 2548 624 2611 sui
651 2547 804 2631 temporis
831 2547 940 2630 lyricis
967 2547 1045 2611 satis

80 2637 190 2717 aperte
212 2632 352 2697 declarat
373 2630 584 2696 Terentianus
606 2653 657 2696 vv.
683 2631 765 2696 1992
787 2653 856 2716 sqq.
884 2668 927 2678 -
955 2630 1045 2696 Cete-

79 2717 261 2868 ittipit
285 2716 391 2864 lili?
416 2714 714 2866 truttffillt
739 2719 815 2864 tt
837 2713 1045 2883 ‘ttttt

81 2823 222 2952 carminis
249 2821 354 2971 sitiliid
375 2850 422 2950 ’ab
453 2882 516 2949 hoc
547 2893 702 2968 posuero’
733 2820 863 2950 abund}
892 2883 1046 2948 declarari

83 2973 229 3038 existimo
255 2993 324 3036 non
349 2971 499 3057 ignotum
523 2991 629 3055 neque
656 2969 832 3054 inglorium
858 2966 956 3034 fuisse
978 2971 1045 3034 An·

82 3057 217 3206 ulianam
238 3054 325 3205 appg
345 3054 463 3153 saeculi
476 3053 532 3207 fl}
546 3052 947 3204 iiieminae‘qMsssteoniim
961 3053 1046 3202 idenp

82 3159 984 3325 pppqlrpmodipptpplmbiusemenpffimrfagpmnppp
996 3159 1044 3286 iii-

82 3329 367 3460 lznttntttt
384 3307 786 3543 illidii-*aliidili
808 3307 1044 3475 tttultt

84 3483 158 3545 sunt
179 3481 251 3563 ‘qui
273 3497 376 3542 serere
397 3478 553 3562 ingenum
574 3479 646 3546 vole
683 3499 811 3566 agrum,
833 3477 948 3542 liberat
969 3497 1046 3541 arva
