2356 3886
150 181 172 243 2
532 185 742 241 ΝΑΜΑΤΙΑΝΙ

197 346 331 412 Securos
353 349 455 412 levius
477 347 598 413 crimen
620 353 824 414 contemnere
846 351 945 414 ciues:

238 431 402 497 Privatam
422 437 573 516 repetunt
593 435 722 519 publica
744 433 860 498 damna
880 434 986 499 fidem.

153 516 388 582 etPraesentes
409 517 556 582 lacrimas
579 519 672 583 tectis
695 519 845 583 debemus
867 519 976 583 avitis:

235 601 371 666 Prodest
391 601 574 668 admonitus
596 625 690 687 saepe
712 603 821 668 dolore
843 603 944 668 favor.

192 685 262 752 Nec
283 683 332 750 fes
354 687 488 752 ulterius
509 689 624 772 longas
645 689 768 752 nescire
788 689 912 773 ruinas,

236 770 321 846 Quas
342 794 433 837 mora
454 785 625 856 suspensae
646 772 873 856 multiplicavit
894 774 973 857 opis.

192 856 260 920 Iam
281 859 407 941 tempus
429 857 544 922 laceris
566 860 641 938 post
661 878 756 921 saeva
777 857 924 922 incendia
945 857 1062 924 fundis

149 954 183 1002 30
235 941 298 1006 Vel
321 942 498 1026 pastorales
521 939 686 1005 aedificare
708 963 805 1006 ceses.

190 1026 258 1110 Ipsi
280 1027 359 1110 quin
381 1026 479 1090 etiam
500 1025 607 1090 fontes
629 1027 657 1090 si
678 1027 805 1090 mittere
827 1049 953 1111 vocem,

231 1111 368 1194 Ipsaque
391 1111 418 1174 si
439 1113 572 1194 possent
591 1111 705 1175 arbuta
725 1115 836 1175 nostra
857 1111 962 1195 loqui:

193 1195 379 1260 Cessantem
401 1195 493 1259 iustis
515 1197 666 1279 poterant
686 1215 799 1280 urgere
822 1196 973 1280 querelis,

232 1280 277 1344 Et
299 1278 462 1344 desideriis
484 1278 598 1344 addere
620 1280 692 1344 vela
712 1280 800 1344 meis.

147 1377 180 1424 35
192 1363 326 1427 lamiam
347 1364 456 1428 lassati
479 1386 569 1428 carae
591 1364 809 1448 complexibus
831 1366 919 1430 urbis

232 1448 416 1531 Vincimur,
440 1453 472 1512 et
493 1472 599 1514 serum
620 1451 674 1514 vix
696 1450 869 1515 toleramus
891 1451 960 1514 iter.

188 1532 336 1597 Electum
358 1534 505 1619 pelagus:
529 1536 681 1618 quoniam
702 1539 831 1600 terrena
851 1535 976 1600 viarum

231 1617 334 1684 Plane
355 1618 485 1684 madent
506 1621 628 1704 fluviis,
651 1620 797 1685 cautibus
820 1618 885 1684 alta
926 1620 932 1632 '
958 1625 1022 1684 ent.

188 1703 364 1788 Postquam
377 1703 499 1768 Tuscus
519 1725 596 1789 ager
607 1709 840 1789 postquamque
851 1706 939 1768 Aure
956 1705 1002 1768 'us
1014 1727 1119 1791 agger

145 1799 180 1849 40
232 1787 406 1872 Perpessus
429 1789 557 1854 Geticas
579 1811 653 1853 ense
676 1789 727 1853 vel
749 1789 824 1874 igne
846 1811 959 1853 manus

187 1873 265 1938 Non
279 1873 375 1937 silvas
391 1872 553 1955 domibus,
576 1896 644 1938 non
664 1873 798 1936 flumina
811 1878 910 1958 ponte
933 1875 1099 1939 cohercet:

229 1957 357 2021 Incerto
381 1958 481 2021 satius
504 1957 629 2021 credere
651 1958 723 2021 vela
744 1959 833 2022 mari.

190 2039 309 2105 Orebra
331 2040 549 2124 relinquendis
571 2042 734 2127 infigimus
758 2043 866 2107 oscula
887 2045 1005 2127 portis:

230 2124 331 2189 Inviti
353 2131 506 2207 superent
525 2125 639 2190 limina
660 2147 749 2190 sacra
770 2127 875 2210 pedes.

145 2221 178 2269 45
192 2209 328 2274 Oramus
350 2209 478 2273 veniam
498 2210 638 2275 lacrimis
661 2214 693 2275 et
713 2211 806 2276 laude
828 2211 972 2296 litamus,

228 2295 268 2358 In
291 2297 446 2377 quantum
468 2296 561 2359 fletus
584 2317 709 2360 currere
731 2297 829 2361 verba
850 2298 936 2361 sinit.

109 2401 110 2404 ’
185 2379 327 2464 Exaudi,
349 2380 462 2464 regina
483 2381 531 2444 tui
553 2380 767 2464 pulcherrima
788 2381 915 2464 mundi,

226 2466 316 2530 luter
338 2464 477 2530 sidereos
498 2464 602 2530 Roma
623 2470 751 2548 recepte
771 2467 878 2550 polos3

185 2549 326 2634 Exaudi,
356 2551 502 2634 genetrix
524 2551 705 2633 hominum,
735 2552 943 2635 genetrixque
966 2551 1110 2617 deorum.

143 2646 177 2695 50
230 2633 307 2700 Non
329 2635 442 2718 procul
464 2659 484 2700 a
505 2637 593 2701 caelo
615 2657 673 2718 per
694 2640 751 2700 tua
771 2635 892 2719 templa
913 2659 1031 2701 sumus.

185 2719 230 2782 Te
246 2720 389 2782 canimus
404 2741 605 2805 semperque,
627 2720 734 2785 sinent
749 2721 824 2785 dum
838 2721 920 2803 fata,
944 2743 1092 2786 canemus
1101 2747 1113 2786 ι.-

227 2801 343 2887 Sospes
364 2826 459 2869 nemo
481 2809 589 2888 potest
609 2805 777 2869 immemor
799 2827 866 2869 esse
887 2806 945 2869 tui.

186 2887 361 2952 Obruerint
382 2889 476 2953 eitius
499 2889 652 2954 scelerata
673 2891 793 2955 oblivia
814 2888 929 2972 solem,

227 2970 329 3046 Quem
351 2976 426 3038 tuus
449 2995 488 3037 ex
510 2977 621 3038 nostro
644 2975 738 3039 corde
760 2972 887 3036 recedat
908 2973 1022 3040 honos.

142 3069 175 3117 55
188 3055 221 3120 N
222 3078 275 3120 em
296 3057 372 3120 solis
394 3057 490 3122 radiis
512 3059 658 3142 aequalia
679 3079 813 3122 munera
834 3059 955 3143 tendis,

170 3199 174 3208 .
226 3140 296 3216 Qua
317 3141 527 3207 circumfusus
549 3143 683 3207 fluctuat
705 3141 861 3208 Oceanus.

184 3213 336 3291 Volvitur
357 3226 425 3308 ipse
447 3228 522 3312 tibi,
545 3227 601 3312 qui
623 3228 767 3292 continet
789 3229 913 3312 omnia,
941 3228 1107 3312 Phoebus,

161 3329 170 3348 ·
224 3309 316 3394 Eque
337 3311 402 3374 tuis
425 3316 512 3376 ortos
534 3314 569 3376 in
590 3317 647 3376 tua
668 3311 778 3377 condit
800 3334 908 3396 equos.

183 3395 228 3462 Te
249 3417 318 3460 non
338 3396 544 3480 flammigeris
566 3397 666 3481 Libye
688 3396 828 3460 tardavit
848 3397 991 3478 harenis,

140 3493 174 3541 oo
229 3479 307 3545 Non
329 3483 451 3546 armata
474 3502 532 3545 suo
554 3481 695 3565 reppulit
716 3479 800 3543 Vrsa
821 3481 911 3562 gelu:
