2356 3886
163 169 186 234 8
540 154 750 230 ulnarum

227 337 304 403 Non
325 338 391 403 illio
413 342 509 423 gustu
529 338 640 404 latices
661 339 817 403 vitiantur
838 359 962 422 amaro,

269 423 456 507 Lymphave
478 423 621 488 fumifico
643 422 795 508 sulphure
817 424 920 494 tincta
941 425 1037 488 calet:

228 507 332 572 Purus
355 509 435 572 odor
456 507 626 594 mollisque
648 529 743 593 sapor
764 508 909 573 dubitare
932 509 1096 573 lavantem

271 593 381 677 Cogit,
403 615 467 677 qua
487 594 602 658 melius
622 597 713 677 parte
731 597 883 677 petantur
903 613 1012 676 aquae.

164 694 214 742 255
229 678 364 745 Credere
386 679 414 742 si
435 678 569 764 dignum
590 677 710 762 famae,
732 678 903 764 flagrantia
923 683 1034 742 taurus
1157 737 1158 742 ,

269 763 468 849 investigato
490 763 581 828 fonte
603 763 730 827 lavacra
751 763 851 846 dedit,
1157 753 1159 912 1

227 849 274 914 Vt
295 848 377 913 solet
398 847 541 913 excussis
561 868 705 932 pugnam
726 847 911 930 praeludere
933 847 1048 932 glebis,

270 932 385 1017 Stipite
408 955 482 997 cum
503 931 608 1017 rigido
630 953 751 997 cornua
770 954 875 1016 prona
895 933 986 996 terit:

228 1019 301 1085 Sive
324 1018 416 1100 deus,
438 1017 553 1080 faciem
574 1017 727 1081 mentitus
750 1021 783 1080 et
804 1039 861 1082 ora
881 1018 1022 1095 iuvenci,

163 1118 214 1166 250
270 1102 386 1168 Noluit
408 1101 547 1165 ardentis
570 1101 655 1165 dona
674 1101 775 1166 latere
797 1102 873 1166 soli·

228 1187 337 1264 Qualis
359 1186 522 1271 Agenorei
547 1190 696 1269 rapturus
717 1187 834 1284 gaudia
855 1152 934 1251 tuti
1160 1150 1161 1212 l

269 1272 332 1336 Per
353 1270 436 1335 freta
457 1270 639 1356 virgineum
661 1271 846 1337 sollroitavit
868 1293 958 1336 onus.

226 1357 337 1421 Ardua
358 1376 426 1420 non
447 1355 533 1420 solos
555 1356 688 1420 deceant
708 1356 862 1420 miracula
884 1355 1007 1420 Graios.

269 1442 444 1505 Auctorem
465 1440 618 1524 pecudem
640 1441 714 1506 fons
735 1441 901 1506 Heliconis
922 1440 1035 1504 habet:

163 1539 212 1590 255
226 1525 360 1592 Eliciias
382 1525 478 1590 simili
500 1526 665 1590 credamus
687 1526 811 1610 origine
833 1525 995 1623 lymphas,

268 1609 432 1675 Musarum
453 1613 492 1674 ut
511 1611 622 1676 latices
643 1612 766 1696 ungula
785 1609 870 1674 fodrt
889 1610 972 1694 equi.

225 1696 314 1761 Haeo
335 1717 462 1780 quoque
484 1695 599 1760 Pieriis
621 1695 779 1778 spiracula
800 1699 964 1778 comparat
985 1693 1090 1758 antris

268 1780 417 1846 Carmine
439 1779 607 1845 Messallae
628 1780 818 1844 nobilitatus
840 1801 931 1864 ager3

224 1867 467 1948 latrantemque
487 1865 577 1947 ¹capit
602 1863 878 1948 discedentemque
900 1867 1043 1928 moratur

163 1964 214 2012 220
270 1951 421 2014 Postibus
443 1948 583 2013 adfixum
604 1947 696 2012 dulce
717 1970 833 2032 poema
854 1949 960 2013 sacris.

226 2033 289 2097 Hie
311 2036 373 2115 est,
397 2033 453 2114 qui
473 2034 577 2115 primo
601 2033 715 2098 seriem
738 2033 776 2097 de
799 2033 937 2098 Consule
960 2033 1064 2116 ducit,

268 2116 378 2201 Vsque
401 2116 441 2180 ad
462 2117 645 2182 Publicolas
667 2120 694 2182 si
715 2118 880 2182 redeamus
902 2141 993 2183 avos:

227 2202 290 2266 Hic
312 2205 344 2265 et
366 2200 519 2283 praefecti
540 2206 622 2266 nutu
644 2204 805 2287 praetoria
826 2204 917 2268 rexit.

270 2285 333 2351 Sed
353 2287 455 2349 menti
478 2289 511 2348 et
531 2287 661 2371 linguae
683 2288 788 2372 gloria
809 2288 912 2352 maior
933 2288 1026 2352 inest.
1148 2335 1149 2340 η

162 2385 212 2435 255
227 2371 290 2436 Η15
311 2371 434 2454 docuit,
458 2371 585 2454 qualem
606 2377 708 2454 ponat
728 2371 879 2436 facundia
899 2373 1013 2457 legem.

268 2456 314 2521 Vt
336 2457 440 2521 bonus
462 2477 532 2520 esse
554 2456 634 2520 velit
655 2457 804 2541 quisque,
828 2457 964 2522 disertus
985 2457 1059 2521 erit.

225 2541 364 2607 Roscida
384 2541 521 2625 puniceo
544 2541 662 2606 fulsere
688 2542 873 2626 crepuscula
894 2543 998 2607 caclo:

266 2626 440 2691 Pandimus
463 2627 595 2710 obliquo
617 2627 717 2690 lintea
737 2628 820 2692 flexa
841 2628 922 2691 sinu.
1040 2640 1043 2648 ’

224 2710 391 2794 Paulisper
413 2711 489 2775 litus
510 2711 653 2796 fugimus
675 2711 830 2777 Munione
852 2711 1021 2775 vadosum:

160 2809 212 2858 280
269 2793 313 2860 Su
353 2799 422 2860 ecto
445 2794 608 2878 trepidant
629 2797 711 2861 ostia
731 2819 831 2882 parva
852 2796 929 2860 salo.

222 2879 301 2944 Inde
315 2818 548 2945 sCrariscarum
569 2879 699 2967 fastigia
720 2903 793 2946 rara
814 2880 972 2964 videmus,

267 2963 351 3039 Quas
373 2965 491 3048 premit
512 2965 651 3030 aestivae
673 2987 766 3050 saepe
788 2965 913 3048 paludis
936 2966 1033 3030 odor:

225 3047 288 3114 Sed
309 3070 479 3114 nemorosa
501 3049 583 3114 viret
605 3052 711 3116 densis
733 3050 852 3114 vicinia
873 3051 970 3134 lucis,

265 3133 429 3218 Pineaquc
452 3135 601 3199 extremis
622 3136 757 3199 fluctuat
777 3137 891 3200 umbra
911 3135 1014 3199 fretis.

164 3232 214 3282 285
230 3217 398 3284 Cernimus
420 3221 568 3303 antiquas
589 3219 680 3284 nullo
703 3219 833 3284 custode
854 3219 964 3284 ruinas

265 3301 309 3367 Et
331 3302 490 3368 desolatae
511 3305 640 3369 moenia
660 3302 755 3369 foeda
777 3303 886 3370 Casae.

223 3387 402 3453 Ridiculum
424 3387 521 3452 cladis
543 3388 643 3472 pudet
664 3389 749 3453 inter
770 3391 852 3454 scria
873 3407 1003 3452 oausam

266 3472 434 3538 Promere:
457 3471 511 3534 sed
533 3473 632 3536 risum
655 3473 854 3537 dissimulare
876 3473 976 3554 piget.
