2356 3886
134 168 177 233 42
516 171 714 229 ANNIANVS.

132 337 223 421 prius
249 336 435 402 fruticibus’
464 340 573 420 aperte
600 337 708 422 tangit
728 334 809 400 illud
831 344 925 400 ‘nam
946 336 1013 400 nisi
1034 336 1112 400 sint

132 421 262 506 paribus
283 420 472 486 fruticibus’
494 421 595 506 ipsius
617 421 761 486 Anniani
782 420 901 486 librum
922 443 965 486 an
979 420 1108 486 Teren-

128 505 215 600 tiani
235 505 423 570 memoriam
443 507 628 589 respexerit.

369 758 395 824 I.
440 758 642 827 OARMINA
663 756 855 825 FALISOA.

135 938 162 994 1.
398 951 462 993 uva
482 950 561 1010 una,
584 931 634 992 set
654 948 717 992 uva
737 927 888 1010 Falerna,

398 1016 431 1077 et
451 1016 501 1078 ter
522 1011 610 1076 feror
630 1016 663 1076 et
684 1017 798 1096 quater
819 1035 915 1078 anno.

196 1097 408 1164 Terentianus
440 1097 497 1162 ubi
528 1100 667 1162 metrum
703 1101 832 1161 enarrat
860 1096 1103 1182 paroemiacum

133 1205 184 1248 vv.
203 1183 284 1248 1816
299 1205 384 1267 sqq:
406 1185 502 1266 atque
524 1179 579 1245 ille
600 1185 697 1279 poeta
717 1180 860 1248 Faliscus
882 1203 955 1246 cum
976 1179 1104 1246 ludicra

133 1268 274 1333 carmina
300 1266 424 1351 pangit.
467 1264 517 1330 De
546 1270 729 1332 comestura
757 1266 870 1350 scripsi
898 1274 983 1331 ‘una
1016 1269 1101 1349 set'3

132 1351 231 1436 vulgo
253 1351 322 1415 sine
343 1371 439 1415 sensu
461 1372 498 1415 ac
519 1350 689 1416 durisimo
716 1354 819 1416 metro
842 1361 923 1416 ‘uva
944 1373 1017 1416 sum
1039 1355 1100 1415 et'.

131 1436 162 1501 2.
397 1434 497 1519 unde,
519 1435 605 1502 unde
626 1435 782 1501 colonus?
804 1435 867 1500 Eoi

399 1543 419 1584 a
438 1521 571 1586 flumine
592 1519 830 1586 venit-Oronti.

196 1603 408 1670 Terentianus
435 1604 567 1671 Maurus
593 1628 623 1671 v.
649 1605 839 1670 1820111210
867 1626 995 1690 quoque
1018 1605 1101 1668 dixit

134 1687 246 1755 eodem
268 1689 378 1774 (poeta
399 1689 557 1778 Faliscus)
579 1713 606 1756 e.
630 1713 660 1774 q.
683 1712 707 1755 s.
731 1688 834 1754 ‘unde
855 1690 968 1754 unde'.
1012 1688 1099 1754 Hinc

132 1771 212 1839 Mar.
236 1773 320 1840 Vict
342 1794 397 1860 pg.
423 1775 497 1841 180:
524 1775 599 1840 inde
629 1775 775 1860 intellegi
802 1773 896 1840 datur
922 1796 962 1839 ex
988 1774 1099 1840 huius-

131 1858 220 1924 modi
241 1860 421 1944 anapaestis
443 1881 571 1925 carmen
585 1859 666 1924 illud
679 1858 849 1942 Faliscum,
871 1859 958 1943 quod
972 1862 1099 1924 constat

133 1964 172 2007 ex
201 1943 343 2026 spondeo
372 1943 496 2008 duobus
518 1943 698 2028 anapaestis
725 1947 794 2008 ets
816 1943 902 2008 llaba
923 1965 991 2008 esse
1013 1965 1098 2008 com-

134 2027 276 2110 positum
297 2027 417 2092 ‘unde’
441 2049 468 2093 e.
491 2050 517 2093 c.
545 2067 587 2076 —
615 2027 746 2094 Omittit
803 2031 908 2094 terum
934 2027 1019 2092 unde
1041 2027 1098 2093 Vi-

132 2110 251 2174 ctorini
286 2111 368 2175 liber
402 2111 577 2177 Parisinus.
627 2113 759 2179 Oorrexi
794 2113 1097 2196 interpunctionem.

133 2194 231 2260 ‘Eoi’
253 2194 349 2279 docti,
372 2195 494 2263 ‘ane’
514 2197 585 2261 Ter.
602 2201 635 2262 et
648 2196 728 2262 Mar.
746 2235 782 2246 -
801 2196 926 2282 Oronti,
942 2197 982 2263 cf,
998 2197 1096 2282 Verg.
1163 2203 1164 2279 l

131 2278 363 2364 Aen.1‚220.
407 2280 515 2366 Vulgo
543 2281 652 2365 inepte
673 2303 711 2346 ec
737 2283 875 2365 pessimo
897 2286 1000 2349 metro
1023 2284 1097 2348 scri-

131 2365 219 2430 bitur
240 2365 361 2430 ‘undae
368 2416 377 2450 ‚
405 2365 489 2430 unde
518 2367 651 2431 colonus
672 2365 752 2432 Eoi’
775 2388 802 2432 e.
824 2389 850 2432 r.
877 2405 920 2416 -
948 2367 1097 2432 Ceterum

133 2449 215 2514 illud
236 2451 360 2515 ‘venit'
383 2454 492 2516 utrum
513 2473 532 2516 a
553 2450 712 2516 veniendo
739 2474 783 2517 an
810 2474 829 2516 a
855 2450 1023 2516 veneundo
1044 2451 1096 2517 de-

132 2533 263 2600 scendat
283 2536 449 2601 incertum.

134 2619 165 2683 3.
352 2620 479 2705 quando
501 2621 630 2707 flagella
651 2621 759 2706 iuges,
780 2622 827 2685 ita
848 2621 938 2706 iuga,

348 2705 424 2769 vitis
445 2709 479 2769 et
498 2706 604 2772 ulmus
624 2707 673 2770 uti
694 2705 789 2770 simul
810 2709 894 2770 eant.

347 2811 423 2855 nem
444 2791 508 2856 nisi
530 2791 595 2857 sint
615 2791 747 2875 paribus
767 2789 952 2874 fruticibus,
1071 2841 1074 2848 .

350 2875 463 2941 umbra
484 2879 578 2941 necat
598 2879 724 2942 teneras
745 2873 908 2938 Amineas.

198 2956 269 3022 Ter.
285 2957 416 3024 Maurus
437 2959 478 3025 ad
499 2960 680 3045 exemplum
701 2957 795 3024 metri
818 2956 904 3040 quod
926 2957 1094 3047 Calabrion
1118 2983 1122 2986 ·
1163 3011 1164 3052 q

132 3061 200 3106 esse
222 3041 397 3108 vocitatum
418 3067 439 3108 a
460 3043 590 3109 Graecis
617 3047 728 3110 namet
748 3041 935 3107 Victorinus
956 3063 1010 3128 pg.
1034 3045 1092 3110 178
1163 3058 1164 3134 l

132 3125 273 3211 (constet
298 3133 405 3192 autem
431 3129 538 3214 priore
564 3132 655 3213 parte
683 3127 860 3194 hexametri
882 3127 938 3213 qui
965 3128 1003 3192 fit
1027 3149 1092 3193 cae-

132 3232 206 3275 sura
232 3211 382 3278 instituta
414 3213 641 3297 semiquinaria
667 3217 700 3278 et
730 3233 853 3296 paeone
882 3216 998 3297 quarto
1028 3213 1092 3278 sive

154 3295 429 3381 roceleusmatico)
449 3298 496 3361 ita
509 3299 616 3382 pergit
628 3319 680 3362 vv.
698 3296 780 3361 1995
795 3319 863 3382 sqq.
888 3296 1092 3380 ‘dactylicum
1130 3305 1133 3313 '
1163 3339 1164 3372 r

130 3317 195 3446 icc
215 3381 286 3446 fieri
307 3380 410 3464 magis
431 3383 533 3444 amat:
555 3381 607 3444 vel
628 3381 655 3442 si
675 3379 809 3461 ponitur
828 3401 912 3444 unus
926 3381 1007 3445 alius
1027 3403 1090 3468 pes,
1163 3399 1164 3456 l

131 3465 227 3531 modo
248 3464 361 3532 tertius
383 3460 470 3525 hune
491 3462 636 3524 retineat
676 3460 755 3524 talia
769 3460 862 3527 docta
876 3462 1001 3529 Falisca
1015 3465 1091 3551 legi-
