2356 3886
433 171 541 226 LIBER
561 171 706 228 PRIMVS.

79 335 174 411 Quae
196 337 335 416 restant,
357 332 455 396 nullis
478 333 617 398 obnoxia
637 338 784 419 tempora
804 337 913 420 metis3

126 419 215 485 Dum
237 419 368 484 stabunt
387 421 490 482 terrae
496 469 506 502 ‚
529 417 604 481 dum
625 421 719 502 polus
740 424 825 486 astra
846 421 937 486 feret.

77 503 170 571 Illud
190 508 222 568 te
244 506 385 587 reparat,
408 503 494 586 quod
516 506 621 567 cetera
641 525 742 590 regna
761 506 907 572 resolvit:

127 589 214 654 Ordo
237 587 469 671 renascendis,
492 609 632 652 erescere
654 611 747 672 posse
769 591 870 655 malis.
1000 604 1050 653 140

77 675 272 825 Ergo'age,
294 671 467 757 sacrilegae
488 673 618 737 tandem
641 673 733 739 eadat
753 675 860 740 hostia
880 675 1000 761 gentis:

151 759 327 823 ubmittant
346 757 464 841 trepidi
484 756 606 841 perfida
627 757 711 823 oolla
733 757 841 825 Getae.

79 845 175 910 Ditia
195 845 327 926 paoatae
350 842 427 906 dent
447 842 619 928 vectigalia
639 847 758 908 terrae:

126 929 265 1012 Impleat
286 930 439 1024 augustos
461 927 597 992 barbara
617 926 736 1011 praeda
756 929 855 993 sinus

80 1018 263 1080 Aeternum
283 1012 344 1077 tib1
365 1011 498 1077 Rhenus
520 1016 602 1096 aret,
624 1013 686 1077 tibi
706 1012 801 1078 Nilus
823 1013 972 1079 inundet:
1002 1028 1050 1077 145

126 1098 346 1180 Altrieemque
368 1119 459 1161 suam
479 1097 596 1162 fertilis
619 1098 705 1162 orbis
727 1097 801 1163 alat.

83 1184 172 1261 Quin
194 1186 227 1248 et
246 1181 398 1246 fecundas
420 1182 480 1246 tibi
501 1182 646 1247 conferat
666 1182 779 1248 Africa
799 1203 934 1268 messes,

128 1267 203 1334 Sole
225 1289 282 1332 suo
306 1266 408 1350 dives,
430 1266 486 1332 sed
506 1267 609 1352 magis
631 1268 732 1332 imbre
754 1272 820 1333 tuo.

81 1356 213 1420 Interea
235 1355 268 1416 et
288 1351 389 1415 Latiis
411 1356 608 1437 consurgant
628 1350 744 1418 horrea
766 1353 876 1436 sulcis,

127 1437 329 1522 Pinguiaque
350 1435 508 1518 Hesperio
530 1440 658 1501 nectare
680 1438 770 1520 prela
790 1438 901 1503 fluant.
1002 1450 1051 1500 150

81 1525 158 1608 Ipse
180 1520 369 1604 triumphali
390 1520 557 1585 redimitus
579 1521 735 1586 arundine
757 1521 863 1586 Tibris

128 1607 293 1673 Romuleis
315 1604 452 1669 famulas
473 1605 584 1669 usibus
606 1609 695 1688 aptet
715 1627 829 1689 aquas3

82 1697 194 1776 Atque
217 1691 370 1774 opulenta
390 1690 451 1754 tibi
472 1690 605 1773 placidis
628 1690 817 1754 oommeroia
837 1691 917 1773 ripis

127 1775 276 1843 Devehat
295 1775 373 1840 hino
395 1775 493 1858 rotie,
516 1773 674 1839 subvehat
694 1774 769 1839 inde
791 1775 898 1840 maris.

83 1861 211 1945 Pande,
225 1881 354 1945 precor,
370 1860 499 1944 gemino
514 1861 675 1944 placatum
687 1858 818 1925 Castore
833 1863 985 1944 pontum,
1002 1873 1050 1922 155

128 1946 298 2029 Temperet
320 1965 510 2030 aequoream
531 1944 595 2008 dux
618 1944 777 2030 Cytherea
798 1945 897 2043 viam3

84 2032 121 2098 Si
143 2053 211 2096 non
233 2029 396 2114 displicui,
418 2051 562 2115 regerem
584 2052 656 2094 eum
678 2031 749 2094 iura
770 2028 910 2114 Quirim,

130 2115 165 2181 si
186 2114 271 2180 colui
293 2119 421 2179 sanctos
443 2115 652 2197 oonsuluique
674 2114 794 2180 Patres.

83 2201 172 2268 Nam
186 2199 273 2284 quod
285 2200 376 2264 nulla
389 2221 496 2264 meum
510 2200 709 2265 strinxerunt
721 2200 856 2265 erimina
869 2200 1007 2281 ferrum,

127 2284 206 2350 Non
228 2285 270 2348 sit
289 2284 444 2368 praefecti
466 2284 585 2369 gloria,
607 2283 663 2348 sed
683 2285 805 2369 populi.
1002 2297 1051 2345 160

85 2371 162 2437 Sive
185 2369 278 2434 datur
298 2370 410 2452 patriis
432 2369 532 2432 vitem
554 2390 745 2452 componere
767 2369 876 2451 terris,

131 2454 204 2520 Sive
226 2455 327 2518 oeulis
349 2474 501 2536 umquam
522 2454 689 2518 restituere
711 2453 805 2516 meis:

84 2541 283 2605 Fortunatus
305 2557 399 2622 agam
421 2541 560 2621 votoque
581 2537 707 2602 beatior
728 2536 831 2618 omni,

130 2622 261 2707 Semper
283 2621 423 2707 digneris
446 2623 473 2685 si
494 2621 676 2686 meminisse
697 2620 770 2684 mei.

24 2743 29 2762 ι
84 2707 147 2774 His
169 2707 261 2772 dietis
288 2708 350 2771 iter
371 2705 550 2788 arripimus.
588 2703 791 2770 Comitentur
812 2704 915 2768 amici.
1002 2719 1050 2768 160

129 2792 243 2858 Dioere
265 2814 334 2857 non
354 2794 490 2874 possunt
510 2790 634 2854 lumina
654 2790 738 2855 siooa
760 2789 869 2854 ‘vale’.

85 2879 219 2962 Iamque
241 2877 312 2942 aliis
334 2875 470 2942 Romam
491 2873 696 2939 redeuntibus
718 2874 829 2938 haeret
850 2874 939 2938 eunti

130 2962 257 3046 Rufius,
278 2961 392 3027 Albini
414 2960 518 3047 gloria
538 2960 613 3025 viva
634 2959 749 3046 patris;

87 3047 151 3125 Qui
172 3046 288 3113 Volusi
310 3048 443 3132 antiquo
466 3045 590 3110 derivat
611 3047 777 3110 stemmate
798 3065 917 3109 nomen

129 3132 174 3198 Et
194 3153 285 3217 reges
306 3131 444 3197 Rutulos
471 3134 552 3196 teste
574 3130 707 3196 Marone
735 3127 841 3194 refert.
1003 3139 1051 3189 170

86 3217 192 3282 Huius
213 3216 369 3282 faoundae
391 3216 559 3282 commissa
579 3213 699 3299 palatia
719 3214 863 3300 linguae:

130 3300 316 3364 Primaerus
337 3302 455 3366 meruit
475 3300 630 3385 principis
653 3319 708 3363 ore
728 3299 827 3383 loqui.

87 3384 227 3450 Rexerat
248 3388 321 3449 ante
343 3405 423 3468 puer
443 3387 581 3470 populos
602 3405 660 3466 pro
683 3384 813 3450 consule
834 3383 978 3463 Poenos3

130 3469 284 3554 Aequalis
305 3468 409 3552 Tyriis
430 3474 534 3536 terror
555 3490 706 3553 amorque
728 3469 799 3534 fuit.
