2356 3886
417 181 524 236 LIBER
544 182 690 238 PRIMVS.

56 345 166 411 *Cuius
188 345 390 410 Aremoricae
411 348 502 427 pater
522 344 760 428 Exuperantius
783 368 854 412 oras

107 428 205 494 Nunc
226 428 461 512 postliminium
481 430 569 512 pacis
592 452 698 494 amare
721 432 828 515 docet;

62 515 170 663 helgas
191 514 331 578 restituit
352 513 597 596 libertatemque
619 515 743 580 reducit
982 527 1033 578 215

138 602 154 663 t
175 620 282 664 servos
304 597 433 662 famulis
454 620 522 663 non
544 598 622 663 sinit
644 621 712 663 esse
733 601 808 665 suis.

61 683 229 749 Solvimus
251 705 383 748 aurorae
406 683 518 765 dubio,
541 704 605 767 quo
627 687 771 768 tempore
793 685 933 768 primum

109 768 254 852 Agnosci
274 768 397 851 patitur
417 767 559 832 redditus
581 790 658 832 arva
679 769 777 833 color.

62 851 296 937 Progredimur
315 852 423 937 parvis
444 875 502 936 per
522 853 633 917 littora
653 853 801 938 proxima
822 855 959 938 cymbis3

110 936 253 1012 Quarum
273 937 421 1022 perfugio
444 938 555 1002 crebra
575 940 701 1021 pateret
721 936 848 1003 humus.
981 952 1033 1001 220

62 1022 217 1087 Aestivos
238 1025 408 1104 penetrent
430 1023 576 1088 oneraria
597 1023 728 1087 carbasa
749 1024 878 1088 fluctus:

110 1106 224 1170 Tutior
245 1109 417 1171 autumnus
438 1107 617 1172 mobilitate
638 1108 743 1193 fugae.

62 1191 162 1256 Alsia
182 1191 378 1275 praelegitur
399 1191 512 1275 tellus,
535 1191 601 1276 Pyr
626 1193 697 1278 ‘que
719 1191 890 1276 recedunt3

107 1275 205 1341 Nunc
227 1275 321 1340 villae
344 1276 495 1360 grandes,
518 1278 595 1360 oppi
617 1301 636 1342 a
656 1300 757 1362 parva
777 1277 876 1362 prius.

61 1362 136 1425 Iam
158 1358 350 1425 Caeretanos
373 1360 571 1426 demonstrat
592 1363 703 1426 navita
724 1363 820 1428 fines:
980 1374 1031 1423 225

108 1446 200 1509 Aevo
223 1445 371 1529 deposuit
391 1466 511 1510 nomen
532 1447 652 1530 Agylla
672 1449 774 1511 vetus.

61 1529 87 1595 S
123 1529 130 1542 ”
181 1529 188 1542 ‘
223 1551 261 1593 us
274 1531 348 1594 binc
362 1550 477 1594 canens
491 1534 524 1594 et
546 1529 645 1594 fluctu
660 1535 693 1595 et
707 1535 851 1614 tempore
868 1530 1029 1595 Castrum:

107 1613 148 1678 In
170 1635 209 1677 ex
230 1614 375 1678 semiruti
396 1617 491 1698 porta
513 1616 640 1678 vetusta
659 1614 732 1679 loci.

63 1698 232 1764 Praesidet
252 1699 360 1784 exigui
381 1696 538 1764 formatus
559 1698 700 1783 imagine
723 1699 805 1782 saxi,

109 1782 173 1858 Qui
193 1784 347 1866 pastorali
369 1805 488 1849 cornua
509 1783 616 1848 fronte
639 1784 738 1868 gerit:
983 1796 1033 1846 230

63 1867 171 1933 Multa
191 1868 267 1932 licet
287 1868 428 1952 priscum
449 1890 569 1934 nomen
591 1867 744 1932 deleverit
765 1869 865 1950 aetas,

108 1951 180 2017 Hoc
201 1952 275 2018 Inui
297 1956 436 2018 castrum
456 1953 543 2018 fama
564 1953 663 2018 fuisse
685 1956 786 2037 putat.

59 2036 130 2102 'Seu
152 2036 222 2102 Pan
242 2036 417 2121 Tyrrhenis
438 2038 575 2103 mutavit
596 2037 745 2103 Maenala
766 2037 854 2102 silvis
859 2089 868 2122 ,

110 2119 185 2186 Sive
207 2121 296 2186 sinus
317 2123 438 2206 patrios
461 2123 578 2188 incubo
601 2122 731 2188 Faunus
753 2123 824 2187 init.

63 2205 154 2271 Dum
175 2210 310 2271 renovat
331 2208 422 2292 largo
445 2208 593 2272 mortalia
615 2209 741 2273 saecula
762 2208 846 2291 fetu,
982 2221 1032 2269 235

108 2289 260 2376 Pingitur
280 2292 316 2356 in
337 2314 487 2357 venerem
531 2293 643 2358 ronior
665 2315 735 2358 esse
757 2292 843 2356 deus.

62 2375 119 2440 Ad
141 2372 376 2440 Centumcellas
397 2376 475 2441 forti
498 2315 683 2442 diefleximus
705 2380 829 2441 austro:

109 2459 297 2544 Tranquilla
318 2482 441 2544 puppes
462 2461 497 2525 in
520 2463 658 2526 statione
680 2461 800 2525 sedent.

63 2545 207 2609 Molibus
229 2566 423 2629 aequoreum
444 2545 645 2610 concluditur
667 2542 954 2627 amphitheatrum,

108 2631 338 2714 Angustosque
361 2629 464 2693 aditus
486 2630 592 2694 insula
613 2628 699 2692 facta
720 2627 817 2713 tegit3
982 2642 1033 2692 240

65 2713 199 2778 Attollit
220 2713 364 2799 geminas
386 2717 489 2778 turres
510 2713 672 2795 bifidoque
694 2716 803 2776 meatu

109 2797 268 2862 Faucibus
289 2798 401 2862 artatis
422 2797 536 2880 pandit
555 2801 727 2881 utrumque
748 2797 841 2861 latus.

65 2881 136 2948 Nec
157 2883 302 2966 posuisse
325 2883 402 2948 satis
423 2881 496 2947 laxo
518 2882 647 2947 navalia
667 2885 779 2965 portu,

109 2966 160 3032 Ne
181 2988 264 3053 vaga
285 2969 336 3033 vel
357 2972 443 3033 tutas
464 2967 600 3032 ventilet
621 2989 699 3031 aura
720 2970 818 3029 rates:

65 3052 206 3118 Interior
227 3052 348 3117 medias
370 3054 459 3117 sinus
480 3052 637 3116 invitatus
658 3052 694 3115 in
716 3050 808 3114 aedes
982 3063 1035 3111 245

108 3135 297 3202 Instabilem
318 3137 389 3202 fine
411 3159 485 3202 aera
506 3138 610 3202 nescit
630 3135 737 3219 aquis3

64 3221 178 3297 Qualis
200 3221 235 3284 in
257 3221 409 3285 Euboicis
431 3222 558 3305 captiva
578 3220 742 3286 natatibus
763 3220 850 3284 unda

111 3304 256 3370 Sustinet
276 3305 400 3369 alterno
421 3306 553 3370 brachia
574 3306 662 3368 lenta
684 3303 766 3368 sinu.

65 3389 172 3456 Nosse
193 3390 285 3454 iuvat
305 3389 390 3452 tauri
412 3389 512 3454 dictas
534 3391 572 3454 de
594 3388 725 3454 nomine
747 3387 899 3454 thermas.

110 3473 179 3540 Nec
200 3495 291 3538 mora
313 3471 452 3538 difficilis
480 3474 609 3545 milibus
631 3474 810 3539 iratribus.
982 3485 1033 3536 260

985 3790 1125 3852 ,A
