2356 3886
144 163 164 226 6
517 167 726 222 NAMATIANI

146 343 194 392 115
210 329 327 396 Sedula
347 330 495 415 promisit
516 352 656 395 summos
678 331 832 395 instantia
852 329 964 396 fasces.

251 414 287 480 Si
307 415 356 480 fas
378 419 428 480 est
447 414 570 480 meritis
591 415 702 500 fidere,
725 416 838 480 consul
860 417 930 480 erit.

208 500 352 565 Invitum
372 499 473 564 tristis
495 499 624 564 tandem
645 521 786 565 remeare
807 501 912 586 coegi:

251 582 393 734 Corpore
415 585 533 650 divisos
555 607 645 649 mens
666 589 776 649 tamen
797 607 861 650 una
881 589 980 650 tenet.

208 670 291 733 Tum

326 691 432 734 emum
451 670 492 734 ad
506 691 604 734 naves
618 669 762 754 gradior,
784 692 848 755 qua
861 669 968 735 fronte
983 671 1113 735 bicorni

147 767 195 816 180
251 753 409 819 Dividuus
431 755 554 820 Tiberis
577 754 755 818 dexteriora
776 757 871 819 secat.

207 839 332 904 Laevus
353 840 522 904 inaccessis
543 839 659 903 fluvius
680 839 801 904 vitatu
822 840 944 923 arenis3
1005 869 1007 879 ¹

249 923 394 1010 Hospitis
416 926 544 989 Aeneae
566 924 670 1008 gloria
691 925 760 988 sola
780 928 899 989 manet.

210 1007 254 1073 Et
275 1009 340 1072 iam
360 1009 527 1074 nocturnis
549 1008 688 1091 spatium
709 1007 872 1074 laxaverat
892 1009 981 1073 horis

249 1092 399 1158 Phoebus
422 1092 593 1158 Chelarum
613 1092 781 1176 pallidiore
801 1095 887 1177 polo

145 1191 193 1239 185
210 1177 404 1243 Cunctamur
424 1181 580 1260 temptare
602 1179 704 1242 salum
724 1182 883 1263 portuque
904 1177 1065 1262 sedemus,

249 1261 318 1326 Nec
339 1262 429 1346 piget
452 1284 493 1345 op
517 1262 607 1326 ositis
629 1263 697 1327 otia
717 1263 800 1327 ferre
822 1263 935 1345 mori,
1163 1337 1164 1350 χ

210 1346 349 1411 Occidua
370 1345 469 1411 infido
493 1283 569 1410 dum
590 1348 692 1412 saevit
712 1349 839 1433 gurgite
861 1347 961 1431 Plias,
1163 1361 1164 1412 1

252 1430 402 1514 Dumque
423 1431 593 1515 procellosi
614 1433 767 1517 temporis
789 1433 837 1496 ira
859 1432 949 1496 calet.

210 1515 401 1598 Respectare
423 1516 512 1581 iuvat
533 1517 671 1582 vicinam
693 1519 818 1602 saepius
840 1518 966 1600 urbem,

145 1614 194 1663 190
249 1599 294 1665 Et
314 1606 440 1666 montes
462 1604 533 1667 visu
555 1602 721 1669 deficiente
742 1603 848 1687 sequi;

212 1684 344 1771 Quaque
367 1687 461 1753 duces
485 1689 568 1754 oculi
592 1693 684 1786 grata
704 1689 836 1774 regione
857 1687 1022 1770 fruuntur7

248 1770 335 1836 Dum
357 1794 404 1857 se,
433 1772 520 1856 quod
541 1778 688 1856 cupiunt,
717 1793 845 1838 cernere
867 1793 960 1854 posse
981 1774 1108 1856 putant.
1163 1801 1164 1814 ¹

207 1855 277 1921 Nec
298 1857 387 1922 locus
408 1857 463 1921 ille
484 1857 565 1920 mihi
587 1858 791 1940 cognoscitur
811 1856 916 1921 indice
937 1855 1042 1940 fumo,

254 1939 317 2015 Qui
339 1941 485 2004 dominas
506 1961 594 2004 arces
616 1945 650 2004 et
671 1945 767 2023 caput
788 1941 874 2005 orbis
895 1941 1008 2023 habet3

147 2037 195 2086 195
212 2022 412 2107 Quamquam
426 2025 519 2109 signa
532 2024 612 2088 levis
628 2025 709 2088 firmi
724 2026 925 2090 commendat
938 2025 1108 2108 Homerus,

252 2106 379 2171 Dilecto
402 2107 550 2192 quotiens
573 2109 676 2194 surgit
697 2110 733 2173 in
754 2113 839 2174 astra
860 2111 946 2176 solo:

211 2191 274 2257 Sed
295 2190 375 2255 caeli
395 2193 492 2276 plaga
512 2193 677 2258 candidior
697 2198 880 2278 tractimque
902 2216 1033 2259 serenus

255 2275 370 2361 Signat
391 2277 531 2360 septenis
553 2279 692 2343 culmina
714 2280 799 2343 clara
819 2280 913 2364 iugis.
992 2277 995 2288 '

208 2362 280 2427 Illic
301 2361 448 2446 perpetui
470 2362 569 2447 soles,
592 2367 687 2448 atque
710 2364 778 2448 ipse
799 2362 925 2428 videtur

148 2460 199 2510 200
257 2445 359 2523 Quem
381 2447 443 2511 sibi
464 2446 567 2512 Roma
588 2448 666 2512 facit
687 2449 798 2532 purior
819 2471 887 2512 esse
910 2449 986 2513 dies.

208 2531 268 2597 See
292 2533 341 2596 ius
363 2533 519 2597 attonitae
540 2538 693 2599 resonant
715 2533 916 2598 Circensibus
939 2553 1046 2617 aures3

283 2616 390 2680 untiat
411 2639 561 2683 accensus
582 2619 679 2701 plena
699 2620 826 2683 theatra
846 2620 947 2684 favor.

186 2701 340 2766 ‘Pulsato
363 2706 459 2766 notae
480 2702 658 2768 redduntur
680 2704 719 2768 ab
742 2704 870 2768 aethere
892 2725 1001 2786 voces,

251 2785 314 2850 Vel
336 2786 411 2870 quia
456 2789 639 2872 erveniunt,
662 2789 714 2852 vel
735 2789 811 2886 quia
837 2788 933 2885 fingit
953 2809 1050 2852 amor.

144 2883 193 2932 205
208 2871 385 2953 Expectata
406 2809 483 2935 fides
505 2873 612 2957 pelagi
633 2879 683 2936 ter
704 2893 845 2957 qmnque
868 2871 991 2956 diebus,

250 2955 337 3019 Dum
358 2956 472 3021 melior
492 2956 587 3020 lunae
610 2979 643 3020 se
665 2957 755 3022 daret
776 2979 854 3020 aura
874 2979 985 3022 novae.

208 3041 291 3104 Tum
313 3039 508 3105 discessurus
531 3041 644 3106 studiis
666 3042 802 3125 urbique
824 3043 951 3107 remitto
972 3046 974 3053 '

251 3123 446 3209 Palladium,
469 3126 596 3212 generis
618 3147 770 3211 spemque
793 3125 950 3211 decusque
971 3127 1043 3190 mei.
1163 3201 1164 3222 Χ

211 3207 381 3273 Facundus
403 3211 529 3276 iuvenis
552 3209 719 3275 Gallorum
740 3232 842 3294 nuper
863 3213 903 3276 ab
926 3211 1009 3275 arvis

145 3306 196 3356 210
253 3293 385 3378 Missus,
407 3294 546 3360 Romani
569 3295 688 3361 discere
710 3295 874 3361 iuratori.

209 3379 269 3443 Ille
291 3399 379 3451 meae
402 3400 509 3444 secum
531 3381 714 3455 dulcissima
735 3380 864 3444 vincula
885 3401 994 3460 curae,

251 3463 352 3529 Filius
375 3463 503 3546 affectu,
526 3466 625 3551 stirpe
647 3465 862 3549 propinquus,
884 3463 996 3527 habet:
