<?xml version="1.0" encoding="UTF-8"?>
<!DOCTYPE html PUBLIC "-//W3C//DTD XHTML 1.0 Transitional//EN"
    "http://www.w3.org/TR/xhtml1/DTD/xhtml1-transitional.dtd">
<html xmlns="http://www.w3.org/1999/xhtml" xml:lang="en" lang="en">
 <head>
  <title>
</title>
<meta http-equiv="Content-Type" content="text/html;charset=utf-8" />
  <meta name='ocr-system' content='tesseract 3.04.00' />
  <meta name='ocr-capabilities' content='ocr_page ocr_carea ocr_par ocr_line ocrx_word'/>
</head>
<body>
  <div class='ocr_page' id='page_1' title='image "./claudiirutiliin01hadrgoog_0022.png"; bbox 0 0 2356 3886; ppageno 0'>
   <div class='ocr_carea' id='block_1_1' title="bbox 344 203 685 260">
    <p class='ocr_par' dir='ltr' id='par_1_1' title="bbox 344 203 685 260">
     <span class='ocr_line' id='line_1_1' title="bbox 344 203 685 260; baseline 0.009 -4"><span class='ocrx_word' id='word_1_1' title='bbox 344 243 346 256; x_wconf 87' lang='lat'><em>.</em></span> <span class='ocrx_word' id='word_1_2' title='bbox 412 203 520 257; x_wconf 84' lang='lat' dir='ltr'>LIBER</span> <span class='ocrx_word' id='word_1_3' title='bbox 540 204 685 260; x_wconf 80' lang='lat' dir='ltr'><strong>PRIMVS.</strong></span> 
     </span>
    </p>
   </div>
   <div class='ocr_carea' id='block_1_2' title="bbox 65 365 1033 1128">
    <p class='ocr_par' dir='ltr' id='par_1_2' title="bbox 65 365 1033 1128">
     <span class='ocr_line' id='line_1_2' title="bbox 70 365 831 451; baseline 0.001 -21"><span class='ocrx_word' id='word_1_4' title='bbox 70 365 234 442; x_wconf 76' lang='lat' dir='ltr'>Quantum</span> <span class='ocrx_word' id='word_1_5' title='bbox 256 365 369 429; x_wconf 86' lang='lat' dir='ltr'>vitales</span> <span class='ocrx_word' id='word_1_6' title='bbox 390 369 506 430; x_wconf 88' lang='lat' dir='ltr'>natura</span> <span class='ocrx_word' id='word_1_7' title='bbox 527 366 663 431; x_wconf 86' lang='lat' dir='ltr'>tetendit</span> <span class='ocrx_word' id='word_1_8' title='bbox 685 368 720 431; x_wconf 91' lang='lat' dir='ltr'>in</span> <span class='ocrx_word' id='word_1_9' title='bbox 742 389 831 451; x_wconf 80' lang='lat' dir='ltr'>axes,</span> 
     </span>
     <span class='ocr_line' id='line_1_3' title="bbox 109 450 725 534; baseline 0.003 -20"><span class='ocrx_word' id='word_1_10' title='bbox 109 451 250 514; x_wconf 84' lang='lat' dir='ltr'>Tantum</span> <span class='ocrx_word' id='word_1_11' title='bbox 271 450 384 514; x_wconf 85' lang='lat' dir='ltr'>virtuti</span> <span class='ocrx_word' id='word_1_12' title='bbox 405 451 516 534; x_wconf 89' lang='lat' dir='ltr'>pervia</span> <span class='ocrx_word' id='word_1_13' title='bbox 537 455 622 514; x_wconf 82' lang='lat' dir='ltr'>terra</span> <span class='ocrx_word' id='word_1_14' title='bbox 642 456 725 516; x_wconf 88' lang='lat' dir='ltr'>tuae.</span> 
     </span>
     <span class='ocr_line' id='line_1_4' title="bbox 66 534 804 620; baseline 0 -20"><span class='ocrx_word' id='word_1_15' title='bbox 66 535 186 600; x_wconf 80' lang='lat' dir='ltr'>Fecisti</span> <span class='ocrx_word' id='word_1_16' title='bbox 206 535 343 618; x_wconf 82' lang='lat' dir='ltr'>patriam</span> <span class='ocrx_word' id='word_1_17' title='bbox 366 534 497 599; x_wconf 84' lang='lat' dir='ltr'>diversis</span> <span class='ocrx_word' id='word_1_18' title='bbox 519 535 669 620; x_wconf 87' lang='lat' dir='ltr'>gentibus</span> <span class='ocrx_word' id='word_1_19' title='bbox 690 559 804 600; x_wconf 88' lang='lat' dir='ltr'>unam:</span> 
     </span>
     <span class='ocr_line' id='line_1_5' title="bbox 109 619 763 704; baseline 0.003 -21"><span class='ocrx_word' id='word_1_20' title='bbox 109 619 238 684; x_wconf 80' lang='lat' dir='ltr'><strong>Profuit</strong></span> <span class='ocrx_word' id='word_1_21' title='bbox 259 620 384 702; x_wconf 86' lang='lat' dir='ltr'>invitis,</span> <span class='ocrx_word' id='word_1_22' title='bbox 406 624 438 684; x_wconf 86' lang='lat' dir='ltr'>te</span> <span class='ocrx_word' id='word_1_23' title='bbox 460 619 661 704; x_wconf 71' lang='lat' dir='ltr'><strong>dominante,</strong></span> <span class='ocrx_word' id='word_1_24' title='bbox 683 621 763 703; x_wconf 88' lang='lat' dir='ltr'>capi.</span> 
     </span>
     <span class='ocr_line' id='line_1_6' title="bbox 66 703 1033 790; baseline 0.002 -22"><span class='ocrx_word' id='word_1_25' title='bbox 66 703 218 788; x_wconf 83' lang='lat' dir='ltr'>Dumque</span> <span class='ocrx_word' id='word_1_26' title='bbox 242 704 336 768; x_wconf 88' lang='lat' dir='ltr'>offers</span> <span class='ocrx_word' id='word_1_27' title='bbox 358 705 451 768; x_wconf 85' lang='lat' dir='ltr'>victis</span> <span class='ocrx_word' id='word_1_28' title='bbox 473 705 596 788; x_wconf 90' lang='lat' dir='ltr'>proprii</span> <span class='ocrx_word' id='word_1_29' title='bbox 618 705 779 769; x_wconf 88' lang='lat' dir='ltr'>consortia</span> <span class='ocrx_word' id='word_1_30' title='bbox 800 705 893 790; x_wconf 90' lang='lat' dir='ltr'>iuris,</span> <span class='ocrx_word' id='word_1_31' title='bbox 999 718 1033 770; x_wconf 83' lang='lat'>65</span> 
     </span>
     <span class='ocr_line' id='line_1_7' title="bbox 109 788 809 873; baseline 0 -19"><span class='ocrx_word' id='word_1_32' title='bbox 109 788 232 854; x_wconf 86' lang='lat' dir='ltr'>Vrbem</span> <span class='ocrx_word' id='word_1_33' title='bbox 253 788 373 872; x_wconf 83' lang='lat' dir='ltr'>fecisti,</span> <span class='ocrx_word' id='word_1_34' title='bbox 418 790 483 855; x_wconf 90' lang='lat' dir='ltr'>nod</span> <span class='ocrx_word' id='word_1_35' title='bbox 504 791 592 873; x_wconf 88' lang='lat' dir='ltr'>prins</span> <span class='ocrx_word' id='word_1_36' title='bbox 616 788 710 854; x_wconf 83' lang='lat' dir='ltr'>Orbis</span> <span class='ocrx_word' id='word_1_37' title='bbox 733 793 809 854; x_wconf 84' lang='lat' dir='ltr'>erat.</span> 
     </span>
     <span class='ocr_line' id='line_1_8' title="bbox 66 811 427 958; baseline 0 -20"><span class='ocrx_word' id='word_1_38' title='bbox 66 876 226 938; x_wconf 86' lang='lat' dir='ltr'>Auctores</span> <span class='ocrx_word' id='word_1_39' title='bbox 248 873 375 958; x_wconf 86' lang='lat' dir='ltr'>generis</span> <span class='ocrx_word' id='word_1_40' title='bbox 396 811 427 938; x_wconf 70' lang='lat' dir='ltr'>ll</span> 
     </span>
     <span class='ocr_line' id='line_1_9' title="bbox 109 957 907 1044; baseline 0.003 -22"><span class='ocrx_word' id='word_1_41' title='bbox 109 957 297 1022; x_wconf 83' lang='lat' dir='ltr'><strong>Aeneadum</strong></span> <span class='ocrx_word' id='word_1_42' title='bbox 318 961 453 1024; x_wconf 85' lang='lat' dir='ltr'>matrem</span> <span class='ocrx_word' id='word_1_43' title='bbox 476 959 747 1044; x_wconf 90' lang='lat' dir='ltr'>Romulidumque</span> <span class='ocrx_word' id='word_1_44' title='bbox 768 963 907 1042; x_wconf 86' lang='lat' dir='ltr'>patrem:</span> 
     </span>
     <span class='ocr_line' id='line_1_10' title="bbox 65 1043 807 1128; baseline 0.001 -22"><span class='ocrx_word' id='word_1_45' title='bbox 65 1043 200 1128; x_wconf 79' lang='lat' dir='ltr'>Mitigat</span> <span class='ocrx_word' id='word_1_46' title='bbox 221 1046 359 1107; x_wconf 89' lang='lat' dir='ltr'>armatas</span> <span class='ocrx_word' id='word_1_47' title='bbox 380 1043 495 1108; x_wconf 82' lang='lat' dir='ltr'>victrix</span> <span class='ocrx_word' id='word_1_48' title='bbox 517 1044 686 1109; x_wconf 87' lang='lat' dir='ltr'>clementia</span> <span class='ocrx_word' id='word_1_49' title='bbox 708 1044 807 1128; x_wconf 82' lang='lat' dir='ltr'>vires3</span> 
     </span>
    </p>
   </div>
   <div class='ocr_carea' id='block_1_3' title="bbox 64 1125 1034 1298">
    <p class='ocr_par' dir='ltr' id='par_1_3' title="bbox 64 1125 1034 1298">
     <span class='ocr_line' id='line_1_11' title="bbox 110 1125 1034 1213; baseline 0.001 -21"><span class='ocrx_word' id='word_1_50' title='bbox 110 1125 271 1192; x_wconf 80' lang='lat' dir='ltr'>Conuenit</span> <span class='ocrx_word' id='word_1_51' title='bbox 292 1127 328 1191; x_wconf 93' lang='lat' dir='ltr'>in</span> <span class='ocrx_word' id='word_1_52' title='bbox 348 1150 453 1192; x_wconf 89' lang='lat' dir='ltr'>mores</span> <span class='ocrx_word' id='word_1_53' title='bbox 475 1150 595 1193; x_wconf 90' lang='lat' dir='ltr'>numen</span> <span class='ocrx_word' id='word_1_54' title='bbox 617 1133 787 1213; x_wconf 84' lang='lat' dir='ltr'>utrumque</span> <span class='ocrx_word' id='word_1_55' title='bbox 809 1133 891 1194; x_wconf 90' lang='lat' dir='ltr'>tuos.</span> <span class='ocrx_word' id='word_1_56' title='bbox 1000 1143 1034 1193; x_wconf 79' lang='lat'>70</span> 
     </span>
     <span class='ocr_line' id='line_1_12' title="bbox 64 1211 926 1298; baseline 0 -22"><span class='ocrx_word' id='word_1_57' title='bbox 64 1211 154 1276; x_wconf 87' lang='lat' dir='ltr'>Hine</span> <span class='ocrx_word' id='word_1_58' title='bbox 175 1211 235 1276; x_wconf 92' lang='lat' dir='ltr'>tibi</span> <span class='ocrx_word' id='word_1_59' title='bbox 258 1212 400 1276; x_wconf 87' lang='lat' dir='ltr'>certandi</span> <span class='ocrx_word' id='word_1_60' title='bbox 421 1213 508 1278; x_wconf 87' lang='lat' dir='ltr'>bona</span> <span class='ocrx_word' id='word_1_61' title='bbox 528 1214 741 1298; x_wconf 88' lang='lat' dir='ltr'>parcendique</span> <span class='ocrx_word' id='word_1_62' title='bbox 763 1214 926 1298; x_wconf 82' lang='lat' dir='ltr'>voluptas:</span> 
     </span>
    </p>
   </div>
   <div class='ocr_carea' id='block_1_4' title="bbox 429 873 953 960">
    <p class='ocr_par' dir='ltr' id='par_1_4' title="bbox 429 873 953 960">
     <span class='ocr_line' id='line_1_13' title="bbox 429 873 953 960; baseline 0.004 -22"><span class='ocrx_word' id='word_1_63' title='bbox 429 896 557 938; x_wconf 84' lang='lat' dir='ltr'>onerem</span> <span class='ocrx_word' id='word_1_64' title='bbox 579 874 779 958; x_wconf 90' lang='lat' dir='ltr'>Martemque</span> <span class='ocrx_word' id='word_1_65' title='bbox 801 873 953 960; x_wconf 84' lang='lat' dir='ltr'>fatemur,</span> 
     </span>
    </p>
   </div>
   <div class='ocr_carea' id='block_1_5' title="bbox 1056 1292 1066 1327">
    <p class='ocr_par' dir='ltr' id='par_1_5' title="bbox 1056 1292 1066 1327">
     <span class='ocr_line' id='line_1_14' title="bbox 1056 1292 1066 1327; baseline 0 0"><span class='ocrx_word' id='word_1_66' title='bbox 1056 1292 1066 1327; x_wconf 65' lang='grc' dir='ltr'>ἱ</span> 
     </span>
    </p>
   </div>
   <div class='ocr_carea' id='block_1_6' title="bbox 65 1295 1089 1529">
    <p class='ocr_par' dir='ltr' id='par_1_6' title="bbox 65 1295 1089 1529">
     <span class='ocr_line' id='line_1_15' title="bbox 111 1295 1089 1398; baseline 0.006 -39"><span class='ocrx_word' id='word_1_67' title='bbox 111 1295 331 1393; x_wconf 74' lang='lat' dir='ltr'>Quostimuit</span> <span class='ocrx_word' id='word_1_68' title='bbox 368 1302 513 1394; x_wconf 81' lang='lat' dir='ltr'>superat3</span> <span class='ocrx_word' id='word_1_69' title='bbox 531 1320 617 1395; x_wconf 38' lang='lat' dir='ltr'>&#39;quos</span> <span class='ocrx_word' id='word_1_70' title='bbox 640 1299 816 1383; x_wconf 78' lang='lat' dir='ltr'>superavit,</span> <span class='ocrx_word' id='word_1_71' title='bbox 840 1302 933 1364; x_wconf 89' lang='lat' dir='ltr'>amat.</span> <span class='ocrx_word' id='word_1_72' title='bbox 1051 1327 1089 1398; x_wconf 47' lang='grc' dir='ltr'><strong>χ</strong></span> 
     </span>
     <span class='ocr_line' id='line_1_16' title="bbox 65 1347 804 1529; baseline 0 -83"><span class='ocrx_word' id='word_1_73' title='bbox 65 1382 236 1446; x_wconf 86' lang='lat' dir='ltr'>Inventnx</span> <span class='ocrx_word' id='word_1_74' title='bbox 259 1347 485 1529; x_wconf 35' lang='lat' dir='ltr'>&amp;wilmar</span> <span class='ocrx_word' id='word_1_75' title='bbox 507 1405 637 1466; x_wconf 88' lang='lat' dir='ltr'>v1n1que</span> <span class='ocrx_word' id='word_1_76' title='bbox 659 1387 804 1467; x_wconf 74' lang='lat' dir='ltr'>repertor</span> 
     </span>
    </p>
   </div>
   <div class='ocr_carea' id='block_1_7' title="bbox 62 1465 1033 3583">
    <p class='ocr_par' dir='ltr' id='par_1_7' title="bbox 62 1465 1033 3583">
     <span class='ocr_line' id='line_1_17' title="bbox 107 1465 858 1551; baseline 0.003 -22"><span class='ocrx_word' id='word_1_77' title='bbox 107 1465 153 1529; x_wconf 83' lang='lat' dir='ltr'>Et</span> <span class='ocrx_word' id='word_1_78' title='bbox 174 1466 229 1548; x_wconf 90' lang='lat' dir='ltr'>qui</span> <span class='ocrx_word' id='word_1_79' title='bbox 251 1466 372 1549; x_wconf 89' lang='lat' dir='ltr'>primus</span> <span class='ocrx_word' id='word_1_80' title='bbox 418 1489 493 1531; x_wconf 88' lang='lat' dir='ltr'>nmo</span> <span class='ocrx_word' id='word_1_81' title='bbox 515 1469 632 1550; x_wconf 88' lang='lat' dir='ltr'>pressit</span> <span class='ocrx_word' id='word_1_82' title='bbox 653 1471 758 1531; x_wconf 88' lang='lat' dir='ltr'>aratra</span> <span class='ocrx_word' id='word_1_83' title='bbox 778 1490 858 1551; x_wconf 90' lang='lat' dir='ltr'>puer</span> 
     </span>
     <span class='ocr_line' id='line_1_18' title="bbox 63 1550 1033 1636; baseline 0.002 -22"><span class='ocrx_word' id='word_1_84' title='bbox 63 1553 148 1614; x_wconf 87' lang='lat' dir='ltr'>Aras</span> <span class='ocrx_word' id='word_1_85' title='bbox 170 1550 344 1615; x_wconf 81' lang='lat' dir='ltr'><strong>Paeoniam</strong></span> <span class='ocrx_word' id='word_1_86' title='bbox 365 1551 483 1614; x_wconf 90' lang='lat' dir='ltr'>meruit</span> <span class='ocrx_word' id='word_1_87' title='bbox 503 1551 661 1615; x_wconf 86' lang='lat' dir='ltr'>medicina</span> <span class='ocrx_word' id='word_1_88' title='bbox 682 1573 740 1634; x_wconf 93' lang='lat' dir='ltr'>per</span> <span class='ocrx_word' id='word_1_89' title='bbox 762 1556 878 1636; x_wconf 78' lang='lat' dir='ltr'>artem3</span> <span class='ocrx_word' id='word_1_90' title='bbox 1001 1566 1033 1616; x_wconf 75' lang='lat'>⁷5</span> 
     </span>
     <span class='ocr_line' id='line_1_19' title="bbox 107 1633 735 1701; baseline 0 -3"><span class='ocrx_word' id='word_1_91' title='bbox 107 1635 225 1699; x_wconf 83' lang='lat' dir='ltr'>Factus</span> <span class='ocrx_word' id='word_1_92' title='bbox 247 1639 280 1699; x_wconf 86' lang='lat' dir='ltr'>et</span> <span class='ocrx_word' id='word_1_93' title='bbox 300 1633 429 1698; x_wconf 83' lang='lat' dir='ltr'>Alcides</span> <span class='ocrx_word' id='word_1_94' title='bbox 450 1635 619 1701; x_wconf 84' lang='lat' dir='ltr'>nobilitate</span> <span class='ocrx_word' id='word_1_95' title='bbox 642 1635 735 1700; x_wconf 88' lang='lat' dir='ltr'>deus:</span> 
     </span>
     <span class='ocr_line' id='line_1_20' title="bbox 64 1713 1017 1806; baseline 0.003 -23"><span class='ocrx_word' id='word_1_96' title='bbox 64 1719 115 1783; x_wconf 86' lang='lat' dir='ltr'>Tu</span> <span class='ocrx_word' id='word_1_97' title='bbox 138 1713 281 1804; x_wconf 85' lang='lat' dir='ltr'>quoqne,</span> <span class='ocrx_word' id='word_1_98' title='bbox 303 1719 445 1804; x_wconf 82' lang='lat' dir='ltr'>legiferis</span> <span class='ocrx_word' id='word_1_99' title='bbox 466 1721 621 1785; x_wconf 90' lang='lat' dir='ltr'>mundum</span> <span class='ocrx_word' id='word_1_100' title='bbox 643 1721 809 1804; x_wconf 84' lang='lat' dir='ltr'>complexa</span> <span class='ocrx_word' id='word_1_101' title='bbox 830 1721 1017 1806; x_wconf 86' lang='lat' dir='ltr'>triumphis,</span> 
     </span>
     <span class='ocr_line' id='line_1_21' title="bbox 110 1804 812 1870; baseline 0.001 -2"><span class='ocrx_word' id='word_1_102' title='bbox 110 1804 252 1869; x_wconf 83' lang='lat' dir='ltr'>Foedere</span> <span class='ocrx_word' id='word_1_103' title='bbox 275 1805 437 1868; x_wconf 87' lang='lat' dir='ltr'>communi</span> <span class='ocrx_word' id='word_1_104' title='bbox 459 1805 566 1870; x_wconf 87' lang='lat' dir='ltr'>vivere</span> <span class='ocrx_word' id='word_1_105' title='bbox 588 1810 703 1869; x_wconf 87' lang='lat' dir='ltr'>cuncta</span> <span class='ocrx_word' id='word_1_106' title='bbox 724 1805 812 1870; x_wconf 82' lang='lat' dir='ltr'>facis.</span> 
     </span>
     <span class='ocr_line' id='line_1_22' title="bbox 65 1889 941 1974; baseline 0.001 -20"><span class='ocrx_word' id='word_1_107' title='bbox 65 1889 128 1972; x_wconf 85' lang='lat' dir='ltr'>Te,</span> <span class='ocrx_word' id='word_1_108' title='bbox 151 1889 224 1971; x_wconf 85' lang='lat' dir='ltr'>dea,</span> <span class='ocrx_word' id='word_1_109' title='bbox 246 1893 278 1952; x_wconf 88' lang='lat' dir='ltr'>te</span> <span class='ocrx_word' id='word_1_110' title='bbox 300 1889 440 1954; x_wconf 76' lang='lat' dir='ltr'>celebrat</span> <span class='ocrx_word' id='word_1_111' title='bbox 460 1889 624 1955; x_wconf 89' lang='lat' dir='ltr'>Romanus</span> <span class='ocrx_word' id='word_1_112' title='bbox 646 1890 764 1974; x_wconf 87' lang='lat' dir='ltr'>ubique</span> <span class='ocrx_word' id='word_1_113' title='bbox 786 1912 941 1974; x_wconf 87' lang='lat' dir='ltr'>recessus,</span> 
     </span>
     <span class='ocr_line' id='line_1_23' title="bbox 108 1973 1033 2060; baseline 0.001 -23"><span class='ocrx_word' id='word_1_114' title='bbox 108 1973 309 2057; x_wconf 84' lang='lat' dir='ltr'>Pacifiooque</span> <span class='ocrx_word' id='word_1_115' title='bbox 332 1975 416 2060; x_wconf 83' lang='lat' dir='ltr'>gerit</span> <span class='ocrx_word' id='word_1_116' title='bbox 437 1974 539 2039; x_wconf 87' lang='lat' dir='ltr'>libera</span> <span class='ocrx_word' id='word_1_117' title='bbox 561 1976 644 2040; x_wconf 85' lang='lat' dir='ltr'>oolla</span> <span class='ocrx_word' id='word_1_118' title='bbox 665 1977 751 2060; x_wconf 86' lang='lat' dir='ltr'>iugo.</span> <span class='ocrx_word' id='word_1_119' title='bbox 999 1989 1033 2038; x_wconf 87' lang='lat'>80</span> 
     </span>
     <span class='ocr_line' id='line_1_24' title="bbox 65 2057 867 2145; baseline 0.004 -24"><span class='ocrx_word' id='word_1_120' title='bbox 65 2057 185 2123; x_wconf 89' lang='lat' dir='ltr'>Omnia</span> <span class='ocrx_word' id='word_1_121' title='bbox 205 2062 360 2142; x_wconf 88' lang='lat' dir='ltr'>perpetuo</span> <span class='ocrx_word' id='word_1_122' title='bbox 383 2081 464 2144; x_wconf 88' lang='lat' dir='ltr'>quae</span> <span class='ocrx_word' id='word_1_123' title='bbox 487 2064 616 2125; x_wconf 87' lang='lat' dir='ltr'>servant</span> <span class='ocrx_word' id='word_1_124' title='bbox 637 2060 740 2124; x_wconf 87' lang='lat' dir='ltr'>sidera</span> <span class='ocrx_word' id='word_1_125' title='bbox 761 2065 867 2145; x_wconf 78' lang='lat' dir='ltr'>motu,</span> 
     </span>
     <span class='ocr_line' id='line_1_25' title="bbox 107 2141 800 2229; baseline 0.004 -23"><span class='ocrx_word' id='word_1_126' title='bbox 107 2141 243 2206; x_wconf 88' lang='lat' dir='ltr'>Nullum</span> <span class='ocrx_word' id='word_1_127' title='bbox 264 2142 414 2208; x_wconf 75' lang='lat' dir='ltr'>viderumt</span> <span class='ocrx_word' id='word_1_128' title='bbox 434 2145 599 2228; x_wconf 83' lang='lat' dir='ltr'>pulchrius</span> <span class='ocrx_word' id='word_1_129' title='bbox 621 2145 800 2229; x_wconf 91' lang='lat' dir='ltr'>imperium.</span> 
     </span>
     <span class='ocr_line' id='line_1_26' title="bbox 65 2226 927 2316; baseline 0.005 -26"><span class='ocrx_word' id='word_1_130' title='bbox 65 2226 152 2302; x_wconf 83' lang='lat' dir='ltr'>Quid</span> <span class='ocrx_word' id='word_1_131' title='bbox 173 2227 276 2292; x_wconf 88' lang='lat' dir='ltr'>simile</span> <span class='ocrx_word' id='word_1_132' title='bbox 298 2229 438 2312; x_wconf 79' lang='lat' dir='ltr'>Assyriis</span> <span class='ocrx_word' id='word_1_133' title='bbox 460 2235 626 2294; x_wconf 83' lang='lat' dir='ltr'>conectere</span> <span class='ocrx_word' id='word_1_134' title='bbox 648 2229 785 2316; x_wconf 80' lang='lat' dir='ltr'>contigit</span> <span class='ocrx_word' id='word_1_135' title='bbox 807 2231 927 2295; x_wconf 79' lang='lat' dir='ltr'>armis?</span> 
     </span>
     <span class='ocr_line' id='line_1_27' title="bbox 108 2311 717 2379; baseline 0.005 -4"><span class='ocrx_word' id='word_1_136' title='bbox 108 2311 195 2376; x_wconf 90' lang='lat' dir='ltr'>Medi</span> <span class='ocrx_word' id='word_1_137' title='bbox 217 2313 371 2377; x_wconf 85' lang='lat' dir='ltr'>finitimos</span> <span class='ocrx_word' id='word_1_138' title='bbox 394 2313 605 2379; x_wconf 85' lang='lat' dir='ltr'>condomuere</span> <span class='ocrx_word' id='word_1_139' title='bbox 628 2337 717 2379; x_wconf 85' lang='lat' dir='ltr'>suos:</span> 
     </span>
     <span class='ocr_line' id='line_1_28' title="bbox 64 2395 1029 2496; baseline -0.002 -36"><span class='ocrx_word' id='word_1_140' title='bbox 64 2395 101 2460; x_wconf 92' lang='lat' dir='ltr'>M</span> <span class='ocrx_word' id='word_1_141' title='bbox 171 2397 177 2410; x_wconf 90' lang='lat'>&#39;</span> <span class='ocrx_word' id='word_1_142' title='bbox 200 2396 394 2462; x_wconf 81' lang='lat' dir='ltr'>Parthorum</span> <span class='ocrx_word' id='word_1_143' title='bbox 415 2418 507 2482; x_wconf 85' lang='lat' dir='ltr'>reges</span> <span class='ocrx_word' id='word_1_144' title='bbox 529 2399 752 2496; x_wconf 80' lang='lat' dir='ltr'>Macetumque</span> <span class='ocrx_word' id='word_1_145' title='bbox 774 2399 904 2481; x_wconf 86' lang='lat' dir='ltr'>tyranni</span> <span class='ocrx_word' id='word_1_146' title='bbox 996 2411 1029 2458; x_wconf 81' lang='lat'>85</span> 
     </span>
     <span class='ocr_line' id='line_1_29' title="bbox 145 2482 769 2565; baseline 0.002 -21"><span class='ocrx_word' id='word_1_147' title='bbox 145 2485 223 2544; x_wconf 87' lang='lat' dir='ltr'>utua</span> <span class='ocrx_word' id='word_1_148' title='bbox 243 2504 301 2565; x_wconf 87' lang='lat' dir='ltr'>per</span> <span class='ocrx_word' id='word_1_149' title='bbox 322 2483 426 2546; x_wconf 87' lang='lat' dir='ltr'>varias</span> <span class='ocrx_word' id='word_1_150' title='bbox 447 2483 518 2547; x_wconf 90' lang='lat' dir='ltr'>iura</span> <span class='ocrx_word' id='word_1_151' title='bbox 540 2482 653 2547; x_wconf 90' lang='lat' dir='ltr'>dedere</span> <span class='ocrx_word' id='word_1_152' title='bbox 675 2504 769 2546; x_wconf 85' lang='lat' dir='ltr'>vrces.</span> 
     </span>
     <span class='ocr_line' id='line_1_30' title="bbox 62 2565 933 2650; baseline -0.001 -21"><span class='ocrx_word' id='word_1_153' title='bbox 62 2565 135 2630; x_wconf 92' lang='lat' dir='ltr'>Nec</span> <span class='ocrx_word' id='word_1_154' title='bbox 155 2565 215 2630; x_wconf 89' lang='lat' dir='ltr'>tibi</span> <span class='ocrx_word' id='word_1_155' title='bbox 236 2566 381 2630; x_wconf 89' lang='lat' dir='ltr'>nascenti</span> <span class='ocrx_word' id='word_1_156' title='bbox 402 2567 510 2650; x_wconf 90' lang='lat' dir='ltr'>plures</span> <span class='ocrx_word' id='word_1_157' title='bbox 533 2568 721 2650; x_wconf 88' lang='lat' dir='ltr'>animaeque</span> <span class='ocrx_word' id='word_1_158' title='bbox 743 2586 933 2649; x_wconf 88' lang='lat' dir='ltr'>manusque,</span> 
     </span>
     <span class='ocr_line' id='line_1_31' title="bbox 109 2648 702 2736; baseline 0 -22"><span class='ocrx_word' id='word_1_159' title='bbox 109 2648 172 2714; x_wconf 80' lang='lat' dir='ltr'>sed</span> <span class='ocrx_word' id='word_1_160' title='bbox 194 2651 266 2734; x_wconf 90' lang='lat' dir='ltr'>plus</span> <span class='ocrx_word' id='word_1_161' title='bbox 289 2650 414 2716; x_wconf 88' lang='lat' dir='ltr'>consilii</span> <span class='ocrx_word' id='word_1_162' title='bbox 437 2651 608 2736; x_wconf 88' lang='lat' dir='ltr'>iudiciique</span> <span class='ocrx_word' id='word_1_163' title='bbox 630 2650 702 2714; x_wconf 86' lang='lat' dir='ltr'>fuit.</span> 
     </span>
     <span class='ocr_line' id='line_1_32' title="bbox 62 2735 808 2818; baseline 0 -20"><span class='ocrx_word' id='word_1_164' title='bbox 62 2735 163 2799; x_wconf 88' lang='lat' dir='ltr'>Iustis</span> <span class='ocrx_word' id='word_1_165' title='bbox 185 2735 343 2800; x_wconf 91' lang='lat' dir='ltr'>bellorum</span> <span class='ocrx_word' id='word_1_166' title='bbox 365 2736 468 2799; x_wconf 88' lang='lat' dir='ltr'>causis</span> <span class='ocrx_word' id='word_1_167' title='bbox 490 2757 549 2800; x_wconf 91' lang='lat' dir='ltr'>nec</span> <span class='ocrx_word' id='word_1_168' title='bbox 571 2755 649 2818; x_wconf 92' lang='lat' dir='ltr'>pace</span> <span class='ocrx_word' id='word_1_169' title='bbox 671 2735 808 2818; x_wconf 89' lang='lat' dir='ltr'>superba</span> 
     </span>
     <span class='ocr_line' id='line_1_33' title="bbox 106 2818 1031 2905; baseline -0.002 -21"><span class='ocrx_word' id='word_1_170' title='bbox 106 2818 234 2884; x_wconf 89' lang='lat' dir='ltr'>Nobilis</span> <span class='ocrx_word' id='word_1_171' title='bbox 257 2820 297 2884; x_wconf 90' lang='lat' dir='ltr'>ad</span> <span class='ocrx_word' id='word_1_172' title='bbox 319 2842 456 2885; x_wconf 85' lang='lat' dir='ltr'>summas</span> <span class='ocrx_word' id='word_1_173' title='bbox 479 2820 583 2905; x_wconf 83' lang='lat' dir='ltr'>gloria</span> <span class='ocrx_word' id='word_1_174' title='bbox 603 2821 693 2885; x_wconf 84' lang='lat' dir='ltr'>venit</span> <span class='ocrx_word' id='word_1_175' title='bbox 715 2841 802 2903; x_wconf 87' lang='lat' dir='ltr'>opes.</span> <span class='ocrx_word' id='word_1_176' title='bbox 998 2834 1031 2882; x_wconf 80' lang='lat' dir='ltr'>ao</span> 
     </span>
     <span class='ocr_line' id='line_1_34' title="bbox 64 2903 1030 3002; baseline 0.002 -35"><span class='ocrx_word' id='word_1_177' title='bbox 64 2903 159 2979; x_wconf 81' lang='lat' dir='ltr'>Quod</span> <span class='ocrx_word' id='word_1_178' title='bbox 179 2927 294 3002; x_wconf 79' lang='lat' dir='ltr'>regnas</span> <span class='ocrx_word' id='word_1_179' title='bbox 314 2905 420 2970; x_wconf 89' lang='lat' dir='ltr'>minus</span> <span class='ocrx_word' id='word_1_180' title='bbox 441 2908 489 2970; x_wconf 89' lang='lat' dir='ltr'>est</span> <span class='ocrx_word' id='word_1_181' title='bbox 510 2927 606 2989; x_wconf 89' lang='lat' dir='ltr'>quam</span> <span class='ocrx_word' id='word_1_182' title='bbox 627 2905 712 2990; x_wconf 91' lang='lat' dir='ltr'>quod</span> <span class='ocrx_word' id='word_1_183' title='bbox 732 2925 866 2989; x_wconf 88' lang='lat' dir='ltr'>regnare</span> <span class='ocrx_word' id='word_1_184' title='bbox 881 2907 1030 2970; x_wconf 82' lang='lat' dir='ltr'>mereris:</span> 
     </span>
     <span class='ocr_line' id='line_1_35' title="bbox 108 2987 698 3078; baseline 0.005 -26"><span class='ocrx_word' id='word_1_185' title='bbox 108 2987 243 3054; x_wconf 81' lang='lat' dir='ltr'>Excedrs</span> <span class='ocrx_word' id='word_1_186' title='bbox 265 2990 359 3056; x_wconf 83' lang='lat' dir='ltr'>factis</span> <span class='ocrx_word' id='word_1_187' title='bbox 381 2990 516 3078; x_wconf 79' lang='lat' dir='ltr'>grandia</span> <span class='ocrx_word' id='word_1_188' title='bbox 536 2990 604 3056; x_wconf 85' lang='lat' dir='ltr'>fata</span> <span class='ocrx_word' id='word_1_189' title='bbox 624 2992 698 3055; x_wconf 84' lang='lat' dir='ltr'>tuis.</span> 
     </span>
     <span class='ocr_line' id='line_1_36' title="bbox 62 3073 896 3159; baseline 0.004 -22"><span class='ocrx_word' id='word_1_190' title='bbox 62 3073 257 3139; x_wconf 86' lang='lat' dir='ltr'>Percensere</span> <span class='ocrx_word' id='word_1_191' title='bbox 279 3075 371 3152; x_wconf 89' lang='lat' dir='ltr'>labor</span> <span class='ocrx_word' id='word_1_192' title='bbox 394 3076 499 3142; x_wconf 88' lang='lat' dir='ltr'>densis</span> <span class='ocrx_word' id='word_1_193' title='bbox 521 3075 635 3142; x_wconf 87' lang='lat' dir='ltr'>decora</span> <span class='ocrx_word' id='word_1_194' title='bbox 656 3077 722 3140; x_wconf 85' lang='lat' dir='ltr'>alta</span> <span class='ocrx_word' id='word_1_195' title='bbox 742 3075 896 3159; x_wconf 84' lang='lat' dir='ltr'>tropaeis,</span> 
     </span>
     <span class='ocr_line' id='line_1_37' title="bbox 109 3157 762 3246; baseline 0.003 -24"><span class='ocrx_word' id='word_1_196' title='bbox 109 3157 157 3222; x_wconf 88' lang='lat' dir='ltr'>Vt</span> <span class='ocrx_word' id='word_1_197' title='bbox 177 3159 277 3243; x_wconf 89' lang='lat' dir='ltr'>siquis</span> <span class='ocrx_word' id='word_1_198' title='bbox 300 3161 407 3225; x_wconf 88' lang='lat' dir='ltr'>stellas</span> <span class='ocrx_word' id='word_1_199' title='bbox 428 3183 653 3246; x_wconf 89' lang='lat' dir='ltr'>pernumerare</span> <span class='ocrx_word' id='word_1_200' title='bbox 676 3159 762 3224; x_wconf 87' lang='lat' dir='ltr'>velit.</span> 
     </span>
     <span class='ocr_line' id='line_1_38' title="bbox 64 3197 1029 3392; baseline -0.006 -82"><span class='ocrx_word' id='word_1_201' title='bbox 64 3242 340 3392; x_wconf 56' lang='lat' dir='ltr'>Confunduntpue</span> <span class='ocrx_word' id='word_1_202' title='bbox 362 3266 461 3331; x_wconf 84' lang='lat' dir='ltr'>vagos</span> <span class='ocrx_word' id='word_1_203' title='bbox 484 3245 615 3311; x_wconf 89' lang='lat' dir='ltr'>delubra</span> <span class='ocrx_word' id='word_1_204' title='bbox 635 3244 787 3309; x_wconf 89' lang='lat' dir='ltr'>micantia</span> <span class='ocrx_word' id='word_1_205' title='bbox 809 3246 911 3310; x_wconf 88' lang='lat' dir='ltr'>visus:</span> <span class='ocrx_word' id='word_1_206' title='bbox 971 3197 1029 3305; x_wconf 39' lang='lat' dir='ltr'>No</span> 
     </span>
     <span class='ocr_line' id='line_1_39' title="bbox 108 3326 750 3412; baseline 0.003 -20"><span class='ocrx_word' id='word_1_207' title='bbox 108 3328 199 3412; x_wconf 81' lang='lat' dir='ltr'>ipsos</span> <span class='ocrx_word' id='word_1_208' title='bbox 221 3350 272 3392; x_wconf 86' lang='lat' dir='ltr'>ore</span> <span class='ocrx_word' id='word_1_209' title='bbox 295 3326 407 3392; x_wconf 91' lang='lat' dir='ltr'>iderim</span> <span class='ocrx_word' id='word_1_210' title='bbox 429 3331 476 3394; x_wconf 88' lang='lat' dir='ltr'>sic</span> <span class='ocrx_word' id='word_1_211' title='bbox 498 3330 642 3394; x_wconf 87' lang='lat' dir='ltr'>habitare</span> <span class='ocrx_word' id='word_1_212' title='bbox 665 3328 750 3394; x_wconf 90' lang='lat' dir='ltr'>deos.</span> 
     </span>
     <span class='ocr_line' id='line_1_40' title="bbox 65 3412 859 3498; baseline 0.003 -20"><span class='ocrx_word' id='word_1_213' title='bbox 65 3412 151 3488; x_wconf 81' lang='lat' dir='ltr'>Quid</span> <span class='ocrx_word' id='word_1_214' title='bbox 172 3413 286 3497; x_wconf 92' lang='lat' dir='ltr'>loquar</span> <span class='ocrx_word' id='word_1_215' title='bbox 307 3412 392 3476; x_wconf 87' lang='lat' dir='ltr'>aerio</span> <span class='ocrx_word' id='word_1_216' title='bbox 415 3414 589 3497; x_wconf 89' lang='lat' dir='ltr'>pendentes</span> <span class='ocrx_word' id='word_1_217' title='bbox 612 3413 735 3479; x_wconf 84' lang='lat' dir='ltr'>fornice</span> <span class='ocrx_word' id='word_1_218' title='bbox 757 3415 859 3498; x_wconf 84' lang='lat' dir='ltr'>rivos,</span> 
     </span>
     <span class='ocr_line' id='line_1_41' title="bbox 110 3497 830 3583; baseline 0.001 -22"><span class='ocrx_word' id='word_1_219' title='bbox 110 3497 180 3573; x_wconf 79' lang='lat' dir='ltr'>Qua</span> <span class='ocrx_word' id='word_1_220' title='bbox 201 3498 255 3561; x_wconf 86' lang='lat' dir='ltr'>rix</span> <span class='ocrx_word' id='word_1_221' title='bbox 277 3497 455 3561; x_wconf 85' lang='lat' dir='ltr'>imbriferas</span> <span class='ocrx_word' id='word_1_222' title='bbox 477 3498 605 3562; x_wconf 89' lang='lat' dir='ltr'>tolleret</span> <span class='ocrx_word' id='word_1_223' title='bbox 624 3498 685 3563; x_wconf 89' lang='lat' dir='ltr'>Iris</span> <span class='ocrx_word' id='word_1_224' title='bbox 708 3499 830 3583; x_wconf 79' lang='lat' dir='ltr'>aquas?</span> 
     </span>
    </p>
   </div>
   <div class='ocr_carea' id='block_1_8' title="bbox 793 3616 829 3667">
    <p class='ocr_par' dir='ltr' id='par_1_8' title="bbox 793 3616 829 3667">
     <span class='ocr_line' id='line_1_42' title="bbox 793 3616 829 3667; baseline 0 -19"><span class='ocrx_word' id='word_1_225' title='bbox 793 3616 829 3667; x_wconf 76' lang='lat'>1*</span> 
     </span>
    </p>
   </div>
   <div class='ocr_carea' id='block_1_9' title="bbox 0 0 1182 3886">
    <p class='ocr_par' dir='ltr' id='par_1_9' title="bbox 0 0 1182 3886">
     <span class='ocr_line' id='line_1_43' title="bbox 0 0 1182 3886; baseline 0 1"><span class='ocrx_word' id='word_1_226' title='bbox 0 0 1182 3886; x_wconf 95' lang='lat' dir='ltr'> </span> 
     </span>
    </p>
   </div>
  </div>
 </body>
</html>
