2356 3886
182 135 223 200 12
560 132 770 188 NAMATIANI

250 301 329 368 Non
351 300 418 364 illic
439 297 560 381 positas
581 295 708 360 extollit
727 295 763 360 in
783 294 914 360 aethera
934 297 1039 361 moles

289 384 429 450 Lumine
449 386 610 446 nocturno
633 379 858 464 conspicienda
877 379 1021 446 Pharos:

185 485 237 534 405
253 469 317 536 Sed
338 468 500 552 speculam
517 465 644 530 candae
665 467 755 549 rupis
776 465 890 529 sortite
912 471 1077 550 vetustas,

288 553 363 636 ¹Qua
384 553 500 616 fluctus
522 550 660 616 domitos
682 551 798 616 arduus
882 553 915 614 et
936 573 1035 635 aper,

252 638 427 704 Castellum
448 636 595 722 geminos
615 636 785 700 hominum
805 570 954 700 fdrndavit
974 637 1012 700 in
1034 659 1134 709 usus,

288 721 490 788 Praesidium
511 720 606 785 terris
628 719 845 804 indiciumque
866 719 967 785 fretis.

248 807 395 894 Agnosci
415 809 582 890 nequeunt
603 805 675 869 aevi
695 808 905 870 monumenta
925 806 1065 888 prioris:

186 908 238 957 410
297 891 438 960 Grandia
460 891 659 972 consumpsit
680 891 808 954 moenia
829 893 955 973 tempus
979 891 1075 956 edax.

250 978 327 1044 Sola
348 978 481 1042 manent
502 975 688 1057 interceptis
710 975 847 1059 vestigia
867 975 982 1039 muris:

294 1061 475 1127 Ruderibus
496 1058 572 1123 latis
593 1062 679 1124 tecta
700 1060 825 1143 sepulta
846 1059 961 1124 iacent.

252 1147 285 1214 N
287 1170 329 1211 on
352 1144 558 1229 indignemur
579 1143 728 1209 mortalia
749 1165 885 1227 corpora
905 1144 996 1209 solvi.

294 1230 461 1296 Cernimus
484 1228 636 1311 exemplis
664 1228 782 1314 oppida
802 1249 896 1312 posse
917 1230 1010 1294 mori.

187 1329 237 1378 415
252 1315 383 1380 Laetior
403 1312 457 1376 hic
479 1316 606 1377 nostras
628 1313 797 1378 crebrescit
818 1313 905 1378 fama
925 1335 983 1396 per
1004 1337 1118 1380 aures:

296 1397 476 1464 Consilium
497 1395 634 1464 Romam
655 1420 756 1483 paene
778 1398 880 1462 redire
902 1397 973 1464 fuit.

252 1483 320 1549 Hic
337 1481 572 1567 praefecturam
594 1506 700 1548 sacrae
723 1482 947 1568 cognoscimus
967 1484 1056 1548 urbis

297 1568 447 1633 Delatam
468 1569 607 1654 meritis,
629 1569 731 1634 dulcis
753 1568 868 1651 amice,
890 1568 964 1632 tuis.

254 1653 407 1738 Optarem
429 1675 541 1719 verum
563 1654 733 1738 complecti
754 1653 894 1718 carmine
916 1674 1049 1738 nomen,
1161 1675 1162 1728 r

190 1753 242 1802 420
299 1737 362 1803 Sed
384 1737 540 1822 quosdam
560 1739 682 1823 refugit
702 1739 815 1822 regula
836 1738 915 1802 dura
960 1738 1041 1803 edes.
1161 1759 1162 1804 1

254 1822 299 1888 Co
349 1845 444 1887 omen
465 1843 560 1888 versu
582 1822 719 1906 dederis,
743 1823 903 1887 carissime
955 1823 1014 1887 ufi:
1161 1805 1162 1840 ¹

295 1843 356 1972 llll>
379 1911 411 1970 te
434 1905 553 1970 dudum
574 1907 694 1992 pagina
714 1910 826 1970 nostra
847 1906 942 1971 canit.
1161 1899 1162 1984 l

253 1992 349 2057 Festa
370 1989 437 2053 dies
458 1991 644 2074 pridemque
666 2012 755 2055 meos
777 1990 909 2075 dignata
929 1996 1058 2074 penates
1161 2017 1162 2024 ¹

298 2075 395 2138 Poste
418 2080 572 2140 coronato
595 2080 672 2141 vota
692 2076 832 2142 secunda
853 2075 952 2140 colat:

189 2172 239 2222 425
255 2159 423 2226 Exornent
443 2158 559 2224 virides
582 2160 764 2226 communia
785 2161 902 2245 gaudia
923 2161 1018 2225 rami:

296 2242 484 2306 Provectast
505 2245 629 2309 animae
651 2245 757 2328 portio
779 2266 898 2330 magna
918 2267 1016 2310 meae.
1161 2305 1162 2312 ,

256 2327 309 2394 Sic
330 2326 428 2410 mihi,
451 2327 497 2393 sic
518 2329 625 2413 potius
648 2330 773 2414 placeat
794 2330 957 2415 geminata
977 2335 1130 2414 potestas:

297 2413 361 2476 Per
383 2433 479 2495 quem
500 2415 690 2499 malueram,
713 2437 822 2480 rursus
843 2415 966 2479 honore
988 2417 1085 2483 fruor.
1161 2485 1162 2496 χ

257 2497 391 2564 Currere
414 2518 562 2564 curamus
583 2500 662 2564 velis
684 2501 834 2584 aquilone
856 2521 1000 2582 reverso,

191 2597 242 2646 430
300 2580 382 2646 Cum
403 2583 543 2664 primum
564 2607 656 2650 roseo
678 2585 770 2650 fulsit
790 2585 879 2650 Eous
901 2605 993 2670 equo.

255 2666 376 2748 Incipit
397 2668 548 2735 obscuros
572 2670 738 2736 ostendere
760 2669 889 2735 Corsica
910 2674 1047 2754 montes,
1161 2695 1162 2748 j

298 2749 557 2840 Nubiferumque
580 2759 676 2840 caput
697 2755 848 2820 concolor
869 2755 983 2820 umbra
1003 2755 1091 2821 levat.
1161 2755 1162 2782 ³

258 2835 310 2902 Sic
332 2835 508 2904 dubitanda
529 2840 611 2904 solet
632 2840 745 2926 gracili
766 2859 934 2904 vanescere
956 2861 1051 2905 cornu
1161 2859 1162 2924 t

299 2920 504 3006 Defessisque
527 2924 627 2989 oculis
649 2925 742 2989 Luna
762 2926 889 3006 reperta
910 2924 998 2990 latet.
1161 2925 1162 2996 ζ

192 3019 242 3069 435
257 3004 347 3069 Haec
368 3010 462 3088 ponti
482 3008 622 3072 brevitas
644 3010 733 3073 auxit
754 3006 919 3074 mendacia
940 3009 1053 3074 famae:
1161 3025 1162 3070 1

299 3091 488 3159 Armentale
509 3092 620 3158 fenmt
641 3115 737 3176 quem
757 3114 919 3177 perarasse
940 3115 1047 3178 pecus,
1161 3099 1162 3102 ’

258 3174 416 3258 Tempore
440 3178 600 3264 Cymaeae
622 3199 685 3261 quo
708 3178 848 3261 primum
869 3180 959 3245 venit
979 3179 1013 3243 in
1033 3201 1099 3245 oras
1161 3135 1162 3211 l

300 3259 397 3329 Forte
420 3267 528 3329 secuta
549 3284 666 3349 vagum
687 3262 809 3328 femina
831 3263 929 3330 Corsa
950 3265 1065 3330 bovem.

258 3345 414 3414 Processu
435 3350 544 3434 pelagi
566 3350 629 3413 iam
651 3369 684 3412 se
708 3346 860 3431 Capraria
880 3348 976 3414 tollit.
1161 3331 1162 3418 l

195 3446 246 3493 440
304 3429 448 3514 Squallet
468 3434 620 3519 lucifugis
642 3432 748 3498 insula
768 3434 865 3516 plena
885 3432 972 3496 viris
