2356 3886
430 167 638 236 PRAdFATIO.
965 191 1015 237 vn

48 340 195 405 indicant
230 361 267 404 ao
298 361 399 423 paene
432 339 595 423 clamant).
650 338 728 404 Mox
764 341 866 404 eidem
901 346 1015 424 poetae

51 423 289 490 Wemsdorfius
318 424 404 489 haud
432 423 644 508 spernendam
672 428 705 488 et
725 425 863 489 similem
884 426 1015 511 reliquis

49 511 167 594 quibus
189 510 357 594 plerosque
403 514 491 574 oetas
512 508 631 572 latinos
652 513 840 592 prosecutus
861 513 911 575 est
932 512 1015 576 euris

50 595 184 660 navavit
205 616 334 678 operam
358 592 368 680 [
399 593 531 677 .Vp.I
551 592 701 680 a.1778].
725 633 766 642 -
789 593 938 660 Ceterum
959 618 1016 694 per

50 680 250 744 saeculorum
283 701 410 744 oursum
442 682 475 743 et
507 679 542 743 in
572 681 664 742 tanta
691 679 904 745 subsidiorum
931 683 1015 746 onti-

50 787 161 829 eorum
176 765 332 830 tenuitate
355 764 473 828 sensim
495 767 658 847 evenerat,
680 767 718 827 ut
739 768 772 828 et
792 770 877 830 reete
898 766 1016 830 tradita

49 851 152 914 multa
185 849 270 913 inter
294 849 487 915 elationibus
515 852 773 932 perverterentur
801 853 833 914 et
860 871 953 935 saepe
981 852 1016 916 in

49 934 139 999 vitiis
153 934 257 999 tollen
281 934 305 998 ‘s
320 934 374 1000 ria
388 934 553 1000 minusue
574 934 699 998 ratione
743 956 817 998 uam
839 956 897 1017 pro
920 940 1015 1020 captu

50 1022 82 1084 et
104 1019 238 1084 arbitrio
261 1019 412 1117 cuiusque
433 1041 483 1084 res
503 1023 676 1104 gereretur.
746 1019 798 1084 uio
812 1018 1014 1086 incommodo

48 1104 190 1188 primurn
206 1105 333 1168 obviam
354 1105 394 1169 rit
408 1103 646 1170 Wernsdorfius
662 1105 853 1188 comparatis
869 1104 1015 1170 editioni-

50 1189 371 1273 busvetustissimis,
400 1194 432 1254 et
457 1189 577 1254 maiore
598 1211 670 1254 eum
691 1211 767 1254 eura
787 1189 954 1274 Zumptius
975 1189 1014 1277 [a.

52 1272 228 1373 184d],.qui
239 1273 429 1372 ‘Sannazarii
444 1276 633 1372 exemplum,
654 1275 693 1372 de
708 1297 772 1358 quo
787 1297 884 1373 supra
898 1297 1015 1374 memo-

49 1358 669 1528 ermitttttrntrttzea
701 1361 1016 1511 stetten:

50 1529 140 1594 Idem
155 1533 188 1593 et
202 1529 404 1594 enarratione
418 1529 655 1594 accuratissime
670 1529 756 1594 faeta
770 1530 852 1595 bene
867 1530 905 1594 de
919 1535 1016 1613 poeta

50 1615 184 1678 meritus
207 1617 271 1698 est,
294 1614 383 1679 ouius
399 1613 499 1679 vitam
520 1613 640 1697 pariter
662 1618 695 1678 et
709 1613 828 1698 scripta
843 1614 906 1680 iam
921 1619 1017 1680 antea

51 1699 330 1764 observationibus
356 1722 384 1764 a.
410 1700 491 1764 1836
520 1698 612 1763 editis
639 1697 927 1763 illustraverat-
953 1698 1016 1764 Sed

51 1785 139 1850 enim
160 1783 315 1849 haetenus
341 1785 381 1850 ab
409 1784 465 1849 illo
494 1782 660 1849 dissentire
688 1803 801 1868 oogor,
829 1783 916 1866 quod
943 1806 1014 1849 oum

50 1873 119 1954 ipse
134 1872 227 1934 tanta
238 1891 310 1934 oum
321 1868 383 1934 fide
394 1869 617 1934 vetustissimis
631 1868 787 1934 librorum
801 1869 868 1933 sive
883 1868 1015 1953 scripto·

50 1977 123 2019 rum
139 1953 206 2019 sive
220 1954 448 2038 impressorum
461 1954 654 2020 testimoniis
668 1953 857 2039 adhaeserit,
869 1977 921 2019 sae
945 1976 1015 2019 ene

51 2043 164 2124 aperta
177 2038 307 2122 quidem
321 2040 437 2104 menda
450 2039 563 2106 tollere
578 2043 614 2104 ut
629 2039 814 2123 sustineret,
836 2063 896 2105 nos
917 1977 1016 2106 iaud-

51 2145 227 2214 quaquam·
239 2124 372 2207 perinde
400 2124 545 2190 difficiles
574 2124 693 2190 fuimus
715 2125 919 2190 admittendis
942 2147 1015 2191 oon-

50 2208 196 2292 ieotun's,
223 2209 320 2273 etiam
347 2209 400 2274 hie
427 2213 464 2274 ut
489 2209 608 2293 ubique
635 2210 696 2274 rati
723 2232 792 2275 non
819 2211 925 2275 minus
946 2210 1015 2275 falli

51 2295 109 2378 qui
136 2293 272 2358 nimium
300 2293 470 2359 oodieibus·
488 2294 666 2360 tribuerent
692 2317 788 2379 quam
815 2296 870 2379 qui
891 2317 1013 2380 parum.

118 2376 267 2443 Ceterum
294 2401 367 2442 oum
394 2379 529 2463 suspitio
552 2384 635 2444 esset
656 2384 727 2444 orta
748 2379 920 2444 oollatione
942 2379 1016 2443 libri

52 2463 314 2529 Vindobonensis
334 2485 402 2530 non
422 2464 499 2529 satis
520 2468 667 2529 eeoureta
691 2485 784 2528 usum
811 2485 878 2527 esse
901 2462 1015 2548 Zump-

52 2549 149 2632 fium,
173 2548 211 2612 de
234 2570 272 2613 ea
292 2570 327 2614 re
349 2549 413 2614 adii
428 2548 632 2614 Theodorum
648 2547 888 2632 Gompmzinm,
911 2548 1015 2612 virum

53 2633 294 2698 celeberrimum
300 2682 310 2716 ‚
347 2633 403 2719 qui
435 2633 540 2698 denuo
573 2631 776 2717 pervolutato
809 2633 917 2698 oodiee
948 2655 1015 2700 non

52 2720 179 2803 lapsum
207 2740 274 2783 esse
301 2740 352 2782 me
382 2718 534 2801 opinione
562 2737 681 2803 magna
702 2738 775 2782 eum
796 2717 946 2784 comitate
968 2740 1015 2783 re-

52 2802 1016 2971 restanusrenutu:terrere

52 2972 143 3036 Idem
165 2972 287 3039 addidit
308 2974 449 3060 dittogra
471 2972 534 3038 hiis
556 2984 637 3059 quae
660 2973 695 3038 in
709 2973 853 3058 margine
868 2976 1015 3057 prostant

53 3057 198 3122 additum
219 3057 286 3123 fere
309 3082 376 3125 esse
395 3061 419 3142 f.
443 2997 477 3146 di
496 3081 522 3124 e.
536 3059 699 3145 lomere),
721 3057 776 3123 sed
798 3062 835 3123 ut
854 3059 904 3124 bis
925 3063 1013 3123 terve

54 3143 160 3206 deleta
180 3143 222 3208 sit
244 3143 323 3210 haee
344 3167 407 3210 vox
428 3144 557 3211 lineola.

31 3237 34 3248 '
117 3227 229 3312 Itaque
257 3228 321 3294 iam
349 3251 429 3316 quae
457 3230 524 3298 sive
551 3253 590 3296 ex
615 3229 759 3314 priorum
792 3229 931 3295 inventis
962 3228 1014 3292 ad·

54 3316 183 3396 sumpta
203 3313 269 3378 sive
290 3315 429 3398 primum
449 3319 568 3382 novata
588 3314 681 3379 nobis
702 3314 825 3379 diversa
845 3313 1015 3379 aleetione

55 3396 196 3482 Zumptii
218 3400 456 3485 constituimus,
478 3400 532 3464 hio
551 3399 613 3464 looi
635 3400 693 3464 sub
709 3403 915 3484 conspectum
929 3397 1015 3461 dabi-

54 3505 135 3548 mus.
159 3521 199 3531 -
227 3483 311 3550 Eum
338 3486 438 3550 secuti
465 3485 620 3550 editorem
646 3489 725 3550 nota
752 3483 1014 3568 Osignifieamus

957 3792 986 3850 1
