2356 3886
151 174 197 239 44
433 178 631 234 ANNIANVS.
661 178 833 234 SERENVS.

154 341 233 427 quid
248 341 463 425 antiquissimi
477 345 592 428 poetae
606 339 717 406 Laevii
730 341 997 426 Erotopaegnion
1020 341 1126 406 libros

151 426 290 507 loquar?
318 425 396 509 quid
422 426 587 510 Euenum,
636 447 711 491 uem
737 425 914 491 Menander
940 427 1125 510 sapientem

153 509 305 576 vocavit?
341 510 419 595 quid
453 511 560 595 ipsum
627 510 829 576 euandrum‘?
864 510 943 595 quid
979 512 1124 576 comicos

153 595 288 662 omnes?
310 597 426 680 quibus
449 617 559 662 severa
579 596 647 660 vita
668 599 717 660 est
738 600 771 660 et
791 595 876 660 laeta
896 596 1034 660 materia
1041 603 1065 662 ’.

338 853 383 928 V.
427 849 675 926 snrrnnvs
701 849 926 926 SERENVS.

217 1019 390 1106 Septimius
412 1018 550 1084 Serenus
576 1018 717 1082 incertae
745 1018 879 1104 originis
909 1017 1121 1103 (quamquam

156 1104 276 1169 Afrum
297 1105 395 1168 fuisse
415 1123 484 1167 non
498 1102 651 1167 abhorret
671 1125 691 1167 a
711 1103 946 1186 probabilitate,
968 1102 1055 1166 nihil
1077 1107 1121 1168 ta-

154 1210 230 1254 men
250 1193 288 1254 ut
309 1186 407 1253 statui
428 1188 532 1271 possit
552 1187 645 1273 cerii)
667 1188 752 1252 eirea
772 1208 894 1252 annum
914 1209 945 1251 u.
969 1209 995 1252 c.
1018 1188 1121 1251 mille-

155 1273 271 1336 simum
286 1271 431 1336 demisse
448 1275 497 1336 est
513 1271 751 1336 existimandus.
788 1271 821 1336 Is
840 1269 972 1336 Sueium
990 1275 1024 1336 et
1042 1271 1121 1336 Lae-

154 1356 244 1420 uium
263 1359 303 1420 'et
329 1356 478 1439 aequales
504 1356 601 1421 huius
622 1361 748 1421 secutus
774 1357 870 1440 plane
891 1360 929 1421 ut
949 1357 1121 1422 Annianus

156 1461 253 1526 quem
274 1443 308 1505 et
327 1440 434 1524 ipsum
455 1441 671 1506 videturesse
693 1441 870 1505 aemulatus
893 1443 1048 1526 opuscula
1070 1465 1120 1506 ru-

154 1524 235 1590 ralia
252 1525 447 1610 composuit,
470 1527 592 1592 incerto
612 1526 813 1590 voluminum
833 1547 977 1591 numero.
1007 1527 1036 1592 E
1052 1528 1120 1611 qui-

153 1611 214 1675 bus
236 1610 411 1676 secundum
431 1615 588 1677 memorat
609 1611 781 1676 scholiasta
801 1610 971 1676 Iuvenalis.
1005 1610 1120 1695 Neque

154 1718 233 1780 repu
279 1700 314 1762 at
334 1717 444 1761 versus
466 1697 521 1761 ille
534 1695 740 1774 Terentiam:

265 1781 415 1866 eptimius
436 1779 545 1846 docuit
566 1802 631 1864 quo
652 1780 736 1844 ruris
757 1780 911 1864 opuscula
931 1780 1024 1844 libro.

155 1865 309 2013 Etenim?
322 1866 441 1948 librum
477 1887 570 1948 saepe
605 1885 666 1948 pro
700 1868 771 1929 toto
808 1885 904 1948 opere
939 1866 1019 1948 poni
1047 1866 1119 1949 quis

155 1951 167 2013 i
214 1954 286 2014 or'at

168 1970 258 2097 gnIrr
285 2033 337 2098 his
364 2033 559 2098 carminibus
586 2021 760 2117 Septimius
789 2033 1010 2098 bucolicorum
1030 2055 1119 2099 more

155 2116 243 2266 {infit
260 2117 805 2288 ttttplttllttttffltt
819 2119 1118 2268 erratur

156 2286 210 2352 cili
232 2307 330 2386 opera
351 2285 464 2352 referri
485 2288 587 2372 possit
607 2224 782 2353 matriniam.

218 2371 282 2437 Hrc
303 2376 352 2439 est
372 2377 468 2457 poeta
511 2395 574 2458 quo
595 2372 704 2437 nullus
726 2394 743 2436 e
765 2371 890 2437 Latinis
912 2373 1050 2456 exeeptis
1072 2377 1119 2438 ta-
1159 2417 1160 2426 κ

155 2478 231 2522 men
258 2462 296 2523 ut
321 2458 448 2524 videtur
473 2423 593 2523 liaevio
621 2479 657 2522 ac
684 2455 832 2522 Varrone
866 2460 900 2522 et
925 2456 1117 2522 Terentiano
1159 2439 1160 2480 ¹

177 2542 249 2607 lura
269 2547 371 2608 metra
398 2543 552 2608 adhibuit.
595 2542 685 2607 Idem
706 2541 767 2608 etsi
786 2563 848 2608 neo
868 2541 937 2626 ipse
958 2542 1029 2607 vitii
1049 2544 1117 2608 eius

155 2564 220 2692 iuir
233 2648 345 2711 expers
365 2627 452 2712 quod
465 2627 569 2712 poetis
583 2627 702 2693 saeculi
716 2649 744 2692 a.
760 2637 792 2694 u.'
808 2650 834 2693 o.
852 2627 966 2692 decimi
980 2627 1116 2692 adfuisse

157 2733 253 2796 supra
284 2713 461 2778 memoravi
491 2717 601 2778 tamen
633 2713 754 2798 insigni
794 2712 923 2778 excellit
953 2712 1115 2796 suavitate,

157 2817 190 2858 m
256 2817 352 2881 opere
379 2801 416 2861 ut
444 2797 487 2861 sit
508 2797 680 2863 dolendum
701 2799 769 2863 eius
789 2797 890 2862 libros
911 2795 1116 2863 intercidisse.

155 2879 201 2944 Et
215 2881 343 3029 teercule
355 2903 424 2946 non
438 2881 554 2966 exigua
565 2881 674 2946 floruit
685 2881 771 2946 idem
786 2881 1020 2948 existimatione
1034 2884 1118 2967 apud

180 2985 215 3028 os
248 2986 310 3030 ros.
1159 2991 1160 3026 3

155 2987 186 3114 i.
202 3071 230 3113 a.
405 3049 512 3134 inquit
532 3049 652 3113 amicus
674 3069 751 3146 ager
773 3046 902 3114 domino

406 3135 451 3199 ‘si
472 3134 555 3198 berre
576 3133 622 3198 mi
643 3131 757 3216 facias,
779 3134 939 3200 memini’.

158 3305 187 3369 1.
202 3305 234 3369 b.
409 3302 506 3384 pinea
527 3302 658 3366 brachia
679 3321 753 3364 cum
773 3302 950 3386 trepidant,
1063 3325 1067 3334 ·

406 3383 501 3447 airdio
524 3385 719 3448 cauliculum
741 3381 889 3470 Zephyri.

221 3469 432 3538 Terentianus
453 3467 510 3529 ubi
531 3466 570 3530 de
590 3469 777 3530 tetrametro
800 3468 956 3554 dactylico
979 3471 1043 3556 agit
1061 3496 1113 3542 vv.
