2356 3886
171 179 214 244 34
422 183 610 240 APVLEIVS.
632 183 831 240 ANNIANVS.

203 347 291 431 oqui
312 347 421 431 pinnis
444 345 583 411 volitans
604 367 700 444 super
721 345 852 410 aethera
873 347 988 410 cuncta
1009 345 1138 431 fatigat,

277 431 468 514 flammaque
490 434 523 495 et
542 431 629 496 ferro
651 429 779 516 singula
801 429 962 514 debilitat,

235 537 299 600 quo
314 516 424 580 tremit
443 516 511 599 ipsc
523 516 625 599 Iovis,
649 537 713 600 quo
734 516 869 580 numina
889 515 1118 598 tcrrifioautur,
1169 537 1170 558 ¹

278 599 415 666 fulmina
437 623 532 684 quem
557 600 747 665 horrescunt
769 603 802 664 et
822 597 952 696 Stygiae
974 601 1137 664 tenebrae.

234 685 331 768 Apul.
359 684 489 750 Metam.
517 707 571 770 pg.
592 685 650 751 301
679 684 776 749 Oud.:
804 683 860 748 sed
886 683 1138 749 mfortunatissi·

172 791 242 834 mae
270 771 356 835 filiae
383 771 580 835 miserrimus
607 772 700 853 pater
727 791 779 832 sus
803 768 915 833 ectatis
947 769 1138 834 caelestibus

174 853 255 920 odiis
277 859 311 920 et
331 855 397 920 irae
419 877 571 940 superum
596 857 742 919 metuens
770 791 821 917 clei
848 851 968 917 Milesii
989 855 1138 918 vetustis-

174 940 290 1005 simum
304 944 512 1023 percontatur
526 938 690 1003 oraculum
705 942 738 1002 et
758 960 778 1001 a
798 941 890 1002 tanto
911 938 1046 1003 numine
1068 961 1139 1022 pre

171 1025 261 1090 cibus
289 1029 322 1088 et
347 1024 486 1089 victimis
514 1023 658 1108 ingratae
686 1022 806 1108 virgini
834 1023 918 1106 petit
943 1023 1077 1106 nuptias
1107 1027 1139 1088 et

170 1110 337 1192 maritum,
365 1107 421 1174 scd
448 1107 567 1190 Apollo
596 1129 790 1191 quamquam
817 1105 957 1171 Graecus
991 1111 1023 1171 et
1050 1107 1138 1172 Ioui-

171 1215 227 1258 cus
276 1195 387 1276 ropter
413 1191 516 1256 Mileti
544 1192 743 1257 conditorem
770 1192 816 1256 sic
837 1191 954 1256 Latina
980 1195 1069 1260 sorte
1092 1215 1138 1257 re-

171 1299 253 1342 son
278 1277 310 1340 't

186 1300 207 1361 p
235 1361 276 1426 V.
294 1362 313 1424 1
335 1363 389 1424 ‘tu
411 1359 505 1424 sistc'
527 1359 669 1443 Iahnius,
694 1362 790 1426 ‘iste’
813 1383 886 1426 cum
900 1383 960 1426 ras.
976 1383 1018 1425 m.
1037 1361 1055 1424 1
1080 1361 1138 1445 od,

170 1469 213 1510 m.
235 1444 257 1508 2
279 1445 461 1510 ‘subsiste'.
486 1483 526 1494 -
547 1445 589 1510 ib.
614 1447 631 1510 7
657 1451 755 1530 ‘quo’
779 1445 874 1528 docti,
898 1445 1018 1530 ‘quod’
1040 1468 1072 1510 v.
1097 1483 1139 1493 -—

170 1529 220 1594 De
240 1529 347 1596 forma
369 1529 489 1595 ‘Iovis'
510 1530 647 1596 videnda
662 1553 743 1616 quac
759 1530 895 1596 diximus
917 1531 952 1595 in
973 1530 1057 1595 libro
1081 1554 1139 1596 no-

170 1619 237 1680 stro
259 1615 402 1764 pg.(3179.
431 1655 473 1664 —
495 1615 574 1681 ib.8
596 1616 751 1680 ‘fulmina
779 1622 892 1700 quem'
915 1636 992 1700 cg0,
1015 1615 1138 1680 ‘flumi
1169 1695 1170 1698 Ἴ

170 1706 292 1785 naque'
316 1721 362 1765 c.

460 1955 542 2029 IIII.
586 1956 846 2030 ANNIANVS.

233 2119 283 2184 De
304 2121 456 2185 Anniano
485 2124 518 2186 et
545 2119 700 2204 Septimio
729 2126 857 2206 praeter
877 2122 1033 2207 plurimos
1055 2125 1139 2188 alios

172 2205 280 2304 dixere
302 2203 541 2269 Wernsdorfius
563 2205 599 2268 in
620 2207 774 2304 epimetro
795 2229 827 2290 p.
850 2207 953 2305 Lam:
998 2257 1005 2272 .
1027 2207 1062 2272 Π
1076 2231 1139 2306 ¹pa-

170 2311 263 2442 tat.
276 2289 443 2472 batt
454 2287 679 2472 {titillat
691 2290 748 2439 13⁴¹
748 2290 1032 2472 sibilabat
1031 2315 1138 2444 bil·

171 2462 428 2525 contammarent
449 2481 487 2524 ea
507 2481 542 2524 re
565 2464 641 2523 sunt
660 2459 784 2525 mductr
805 2399 933 2545 quodll

170 2548 326 2629 putarunt
347 2545 431 2610 circa
450 2546 549 2609 finem
571 2565 651 2610 saec.
671 2567 702 2628 p.
719 2543 794 2610 Ohr.
809 2567 841 2609 n.
857 2546 953 2630 primi
974 2547 1139 2634 floruisse)

169 2629 305 2713 protulit
331 2628 557 2695 Lachmannus
584 2629 620 2694 in
645 2629 844 2713 praefatione
872 2629 986 2696 Mauri.
1036 2630 1141 2698 Deni-

170 2735 232 2797 que
255 2713 294 2777 de
308 2715 445 2798 utroque
467 2718 564 2798 pocla
580 2714 717 2779 diximus
739 2715 814 2780 libri
834 2715 938 2779 nostri
957 2739 980 2800 p
1003 2737 1034 2802 g.
1050 2717 1141 2782 96-

172 2799 222 2862 98.
251 2797 302 2863 Ibi
317 2799 414 2864 ctiam
429 2800 607 2864 carminum
622 2797 733 2865 Sereni
747 2799 916 2884 potissima
936 2737 1139 2886 coliegimua

94 2899 96 2904 ¹
232 2879 283 2946 De
298 2883 451 2948 Anniano
474 2887 585 2948 extant
598 2885 675 2950 Auli
696 2885 803 2966 Gellii,
826 2883 915 2947 cuius
936 2883 1000 2948 fuit
1020 2905 1140 2969 aequa-

169 2965 224 3049 lis,
246 2967 431 3034 testimonia
451 2967 473 3032 l.
496 2967 544 3033 Vl
565 2989 591 3033 c.
614 2970 643 3054 7,
666 2969 763 3035 VHH
787 2967 836 3050 10,
857 2965 919 3032 XX
941 2968 971 3033 8.
1010 2968 1141 3037 norum

169 3049 347 3115 adscribam
368 3053 470 3118 initia.

235 3135 405 3202 Annianus
426 3142 523 3222 poeta
543 3140 669 3222 praeter
689 3135 812 3222 ingenii
833 3135 1043 3201 amoenitates
1065 3137 1143 3205 lite-

169 3241 277 3284 rarum
292 3241 418 3304 quoque
434 3226 579 3288 veterum
599 3226 632 3286 et
653 3222 814 3286 rationum
835 3221 871 3286 in
891 3221 993 3285 literis
1014 3223 1143 3305 oppido

171 3327 267 3391 quam
294 3306 415 3389 peritus
441 3306 504 3370 fuit
533 3311 566 3370 ct
591 3305 863 3371 sermocinabatur
888 3306 970 3370 mira
997 3306 1143 3389 quadam
1169 3323 1170 3330 ’

169 3395 203 3456 ct
224 3391 304 3456 scita
325 3390 489 3453 suavitate.

233 3475 404 3542 Annianus
426 3476 522 3555 poeta
536 3476 569 3535 et
587 3472 731 3554 plerique
753 3494 825 3538 oum
847 3496 885 3538 eo
908 3473 1049 3540 eiusdem
1063 3475 1144 3546 Mu-

934 2461 1140 2528 orontianum
