<?xml version="1.0" encoding="UTF-8"?>
<!DOCTYPE html PUBLIC "-//W3C//DTD XHTML 1.0 Transitional//EN"
    "http://www.w3.org/TR/xhtml1/DTD/xhtml1-transitional.dtd">
<html xmlns="http://www.w3.org/1999/xhtml" xml:lang="en" lang="en">
 <head>
  <title>
</title>
<meta http-equiv="Content-Type" content="text/html;charset=utf-8" />
  <meta name='ocr-system' content='tesseract 3.04.00' />
  <meta name='ocr-capabilities' content='ocr_page ocr_carea ocr_par ocr_line ocrx_word'/>
</head>
<body>
  <div class='ocr_page' id='page_1' title='image "./claudiirutiliin01hadrgoog_0072.png"; bbox 0 0 2356 3886; ppageno 0'>
   <div class='ocr_carea' id='block_1_1' title="bbox 333 235 1026 306">
    <p class='ocr_par' dir='ltr' id='par_1_1' title="bbox 333 235 1026 306">
     <span class='ocr_line' id='line_1_1' title="bbox 333 235 1026 306; baseline -0.004 -3"><span class='ocrx_word' id='word_1_1' title='bbox 333 247 534 306; x_wconf 82' lang='lat' dir='ltr'><strong>MARIANVS.</strong></span> <span class='ocrx_word' id='word_1_2' title='bbox 565 246 636 304; x_wconf 80' lang='lat' dir='ltr'>INC.</span> <span class='ocrx_word' id='word_1_3' title='bbox 651 245 756 301; x_wconf 81' lang='lat' dir='ltr'>AVCT.</span> <span class='ocrx_word' id='word_1_4' title='bbox 984 235 1026 301; x_wconf 86' lang='lat'><strong>53</strong></span> 
     </span>
    </p>
   </div>
   <div class='ocr_carea' id='block_1_2' title="bbox 354 479 736 555">
    <p class='ocr_par' dir='ltr' id='par_1_2' title="bbox 354 479 736 555">
     <span class='ocr_line' id='line_1_2' title="bbox 354 479 736 555; baseline -0.003 0"><span class='ocrx_word' id='word_1_5' title='bbox 354 482 432 555; x_wconf 89' lang='lat' dir='ltr'><strong>VII.</strong></span> <span class='ocrx_word' id='word_1_6' title='bbox 476 479 736 555; x_wconf 80' lang='lat' dir='ltr'><strong>MARIANVS.</strong></span> 
     </span>
    </p>
   </div>
   <div class='ocr_carea' id='block_1_3' title="bbox 52 663 1112 2528">
    <p class='ocr_par' dir='ltr' id='par_1_3' title="bbox 52 663 1028 1073">
     <span class='ocr_line' id='line_1_3' title="bbox 129 663 1026 748; baseline -0.004 -16"><span class='ocrx_word' id='word_1_7' title='bbox 129 667 179 732; x_wconf 90' lang='lat' dir='ltr'><strong>De</strong></span> <span class='ocrx_word' id='word_1_8' title='bbox 202 666 350 730; x_wconf 86' lang='lat' dir='ltr'><strong>Mariano</strong></span> <span class='ocrx_word' id='word_1_9' title='bbox 372 664 634 748; x_wconf 83' lang='lat' dir='ltr'><strong>Lupercaliomm</strong></span> <span class='ocrx_word' id='word_1_10' title='bbox 660 666 757 746; x_wconf 88' lang='lat' dir='ltr'><strong>poeta</strong></span> <span class='ocrx_word' id='word_1_11' title='bbox 779 663 983 727; x_wconf 83' lang='lat' dir='ltr'><strong>disseruimus</strong></span> <span class='ocrx_word' id='word_1_12' title='bbox 1005 664 1026 728; x_wconf 91' lang='lat' dir='ltr'><strong>l.</strong></span> 
     </span>
     <span class='ocr_line' id='line_1_4' title="bbox 52 748 1027 838; baseline -0.008 -19"><span class='ocrx_word' id='word_1_13' title='bbox 52 779 90 819; x_wconf 89' lang='lat' dir='ltr'><strong>n.</strong></span> <span class='ocrx_word' id='word_1_14' title='bbox 115 773 170 838; x_wconf 84' lang='lat' dir='ltr'><strong>pg.</strong></span> <span class='ocrx_word' id='word_1_15' title='bbox 196 751 265 816; x_wconf 87' lang='grc'><strong>103.</strong></span> <span class='ocrx_word' id='word_1_16' title='bbox 298 749 447 815; x_wconf 88' lang='lat' dir='ltr'><strong>Videnda</strong></span> <span class='ocrx_word' id='word_1_17' title='bbox 469 749 565 814; x_wconf 84' lang='lat' dir='ltr'><strong>etiam</strong></span> <span class='ocrx_word' id='word_1_18' title='bbox 587 769 668 832; x_wconf 89' lang='lat' dir='ltr'><strong>quae</strong></span> <span class='ocrx_word' id='word_1_19' title='bbox 689 749 817 812; x_wconf 88' lang='lat' dir='ltr'><strong>notavit</strong></span> <span class='ocrx_word' id='word_1_20' title='bbox 838 748 903 812; x_wconf 90' lang='lat' dir='ltr'><strong>Leo</strong></span> <span class='ocrx_word' id='word_1_21' title='bbox 927 748 966 812; x_wconf 88' lang='lat' dir='ltr'><strong>ad</strong></span> <span class='ocrx_word' id='word_1_22' title='bbox 989 770 1027 812; x_wconf 88' lang='lat' dir='ltr'><strong>ea</strong></span> 
     </span>
     <span class='ocr_line' id='line_1_5' title="bbox 55 831 1028 923; baseline -0.007 -21"><span class='ocrx_word' id='word_1_23' title='bbox 55 859 144 923; x_wconf 89' lang='lat' dir='ltr'><strong>quae</strong></span> <span class='ocrx_word' id='word_1_24' title='bbox 166 834 335 919; x_wconf 79' lang='lat' dir='ltr'><strong>adscripsit</strong></span> <span class='ocrx_word' id='word_1_25' title='bbox 356 832 485 900; x_wconf 81' lang='lat' dir='ltr'><strong>Servius</strong></span> <span class='ocrx_word' id='word_1_26' title='bbox 514 835 580 898; x_wconf 89' lang='lat' dir='ltr'><strong>sive</strong></span> <span class='ocrx_word' id='word_1_27' title='bbox 606 833 714 916; x_wconf 89' lang='lat' dir='ltr'><strong>potius</strong></span> <span class='ocrx_word' id='word_1_28' title='bbox 741 831 954 915; x_wconf 76' lang='lat' dir='ltr'>interpolator</span> <span class='ocrx_word' id='word_1_29' title='bbox 973 854 1028 896; x_wconf 90' lang='lat' dir='ltr'><strong>ne-</strong></span> 
     </span>
     <span class='ocr_line' id='line_1_6' title="bbox 56 917 708 1073; baseline -0.011 -85"><span class='ocrx_word' id='word_1_30' title='bbox 56 922 187 1073; x_wconf 67' lang='lat' dir='ltr'><strong>qcioqui</strong></span> <span class='ocrx_word' id='word_1_31' title='bbox 209 921 319 1067; x_wconf 45' lang='lat' dir='ltr'><strong>ecloga</strong></span> <span class='ocrx_word' id='word_1_32' title='bbox 333 919 470 1068; x_wconf 54' lang='lat' dir='ltr'><strong>{prqfil</strong></span> <span class='ocrx_word' id='word_1_33' title='bbox 492 917 599 1067; x_wconf 71' lang='lat' dir='ltr'><strong>verspi</strong></span> <span class='ocrx_word' id='word_1_34' title='bbox 617 917 708 1067; x_wconf 40' lang='lat'><strong>20&amp;</strong></span> 
     </span>
     <span class='ocr_line' id='line_1_7' title="bbox 83 1024 730 1072; baseline -0.009 0"><span class='ocrx_word' id='word_1_35' title='bbox 83 1059 92 1072; x_wconf 91' lang='lat'><strong>.</strong></span> <span class='ocrx_word' id='word_1_36' title='bbox 264 1026 297 1069; x_wconf 91' lang='lat' dir='ltr'><strong>se</strong></span> <span class='ocrx_word' id='word_1_37' title='bbox 374 1027 414 1069; x_wconf 87' lang='lat' dir='ltr'><strong>va</strong></span> <span class='ocrx_word' id='word_1_38' title='bbox 459 1026 557 1068; x_wconf 88' lang='lat' dir='ltr'><strong>avae</strong></span> <span class='ocrx_word' id='word_1_39' title='bbox 594 1024 654 1067; x_wconf 83' lang='lat' dir='ltr'><strong>can</strong></span> <span class='ocrx_word' id='word_1_40' title='bbox 709 1025 730 1066; x_wconf 87' lang='lat' dir='ltr'><strong>a</strong></span> 
     </span>
    </p>

    <p class='ocr_par' dir='ltr' id='par_1_4' title="bbox 266 1088 652 1172">
     <span class='ocr_line' id='line_1_8' title="bbox 266 1088 652 1172; baseline -0.008 -18"><span class='ocrx_word' id='word_1_41' title='bbox 266 1089 371 1154; x_wconf 83' lang='lat' dir='ltr'><strong>Roma</strong></span> <span class='ocrx_word' id='word_1_42' title='bbox 391 1089 564 1172; x_wconf 79' lang='lat' dir='ltr'><strong>Aesculapi</strong></span> <span class='ocrx_word' id='word_1_43' title='bbox 585 1088 652 1151; x_wconf 87' lang='lat' dir='ltr'><strong>filia</strong></span> 
     </span>
    </p>

    <p class='ocr_par' dir='ltr' id='par_1_5' title="bbox 266 1172 761 1270">
     <span class='ocr_line' id='line_1_9' title="bbox 266 1172 761 1270; baseline -0.006 -32"><span class='ocrx_word' id='word_1_44' title='bbox 266 1195 386 1238; x_wconf 88' lang='lat' dir='ltr'><strong>nomen</strong></span> <span class='ocrx_word' id='word_1_45' title='bbox 407 1195 528 1270; x_wconf 83' lang='lat' dir='ltr'><strong>novum</strong></span> <span class='ocrx_word' id='word_1_46' title='bbox 549 1172 644 1238; x_wconf 84' lang='lat' dir='ltr'><strong>Latio</strong></span> <span class='ocrx_word' id='word_1_47' title='bbox 666 1172 761 1256; x_wconf 85' lang='lat' dir='ltr'><strong>facit,</strong></span> 
     </span>
    </p>

    <p class='ocr_par' dir='ltr' id='par_1_6' title="bbox 268 1257 928 1427">
     <span class='ocr_line' id='line_1_10' title="bbox 268 1257 928 1427; baseline -0.003 -20"><span class='ocrx_word' id='word_1_48' title='bbox 268 1281 333 1407; x_wconf 66' lang='lat' dir='ltr'><strong>iiiii</strong></span> <span class='ocrx_word' id='word_1_49' title='bbox 354 1257 553 1408; x_wconf 50' lang='lat' dir='ltr'><strong>ffdrirhalldcdl)</strong></span> <span class='ocrx_word' id='word_1_50' title='bbox 562 1279 780 1427; x_wconf 56' lang='lat' dir='ltr'><strong>1liiidmdmrres</strong></span> <span class='ocrx_word' id='word_1_51' title='bbox 803 1345 928 1406; x_wconf 86' lang='lat' dir='ltr'><strong>vocant.</strong></span> 
     </span>
    </p>

    <p class='ocr_par' dir='ltr' id='par_1_7' title="bbox 131 1424 1030 1513">
     <span class='ocr_line' id='line_1_11' title="bbox 131 1424 1030 1513; baseline -0.004 -20"><span class='ocrx_word' id='word_1_52' title='bbox 131 1427 352 1513; x_wconf 82' lang='lat' dir='ltr'><strong>Philargyrius</strong></span> <span class='ocrx_word' id='word_1_53' title='bbox 374 1427 415 1492; x_wconf 88' lang='lat' dir='ltr'><strong>ad</strong></span> <span class='ocrx_word' id='word_1_54' title='bbox 436 1429 493 1493; x_wconf 89' lang='lat' dir='ltr'><strong>ecl.</strong></span> <span class='ocrx_word' id='word_1_55' title='bbox 515 1427 540 1512; x_wconf 94' lang='lat' dir='ltr'><strong>I,</strong></span> <span class='ocrx_word' id='word_1_56' title='bbox 555 1427 612 1492; x_wconf 71' lang='lat'><strong>20:</strong></span> <span class='ocrx_word' id='word_1_57' title='bbox 634 1426 739 1490; x_wconf 83' lang='lat' dir='ltr'><strong>Roma</strong></span> <span class='ocrx_word' id='word_1_58' title='bbox 760 1430 793 1490; x_wconf 90' lang='lat' dir='ltr'><strong>et</strong></span> <span class='ocrx_word' id='word_1_59' title='bbox 814 1431 888 1491; x_wconf 86' lang='lat' dir='ltr'><strong>ante</strong></span> <span class='ocrx_word' id='word_1_60' title='bbox 910 1424 1030 1491; x_wconf 85' lang='lat' dir='ltr'><strong>Romu·</strong></span> 
     </span>
    </p>

    <p class='ocr_par' dir='ltr' id='par_1_8' title="bbox 58 1509 1112 2528">
     <span class='ocr_line' id='line_1_12' title="bbox 58 1509 1029 1596; baseline -0.004 -18"><span class='ocrx_word' id='word_1_61' title='bbox 58 1516 132 1578; x_wconf 92' lang='lat' dir='ltr'><strong>lum</strong></span> <span class='ocrx_word' id='word_1_62' title='bbox 160 1511 240 1596; x_wconf 71' lang='lat' dir='ltr'><strong>fuit,</strong></span> <span class='ocrx_word' id='word_1_63' title='bbox 269 1516 302 1576; x_wconf 92' lang='lat' dir='ltr'><strong>et</strong></span> <span class='ocrx_word' id='word_1_64' title='bbox 328 1535 347 1577; x_wconf 88' lang='lat' dir='ltr'><strong>a</strong></span> <span class='ocrx_word' id='word_1_65' title='bbox 369 1512 428 1576; x_wconf 88' lang='lat' dir='ltr'><strong>dea</strong></span> <span class='ocrx_word' id='word_1_66' title='bbox 449 1535 519 1576; x_wconf 89' lang='lat' dir='ltr'><strong>eam</strong></span> <span class='ocrx_word' id='word_1_67' title='bbox 542 1513 603 1576; x_wconf 90' lang='lat' dir='ltr'><strong>sibi</strong></span> <span class='ocrx_word' id='word_1_68' title='bbox 624 1532 744 1575; x_wconf 91' lang='lat' dir='ltr'><strong>nomen</strong></span> <span class='ocrx_word' id='word_1_69' title='bbox 765 1510 940 1595; x_wconf 77' lang='lat' dir='ltr'><strong>adquisisse</strong></span> <span class='ocrx_word' id='word_1_70' title='bbox 962 1509 1029 1574; x_wconf 88' lang='lat' dir='ltr'><strong>Ma·</strong></span> 
     </span>
     <span class='ocr_line' id='line_1_13' title="bbox 59 1594 1026 1681; baseline -0.005 -18"><span class='ocrx_word' id='word_1_71' title='bbox 59 1598 173 1663; x_wconf 87' lang='lat' dir='ltr'><strong>rianus</strong></span> <span class='ocrx_word' id='word_1_72' title='bbox 205 1597 466 1681; x_wconf 86' lang='lat' dir='ltr'><strong>Lupercaliorum</strong></span> <span class='ocrx_word' id='word_1_73' title='bbox 502 1600 599 1681; x_wconf 85' lang='lat' dir='ltr'><strong>poeta</strong></span> <span class='ocrx_word' id='word_1_74' title='bbox 630 1597 676 1660; x_wconf 89' lang='lat' dir='ltr'><strong>sic</strong></span> <span class='ocrx_word' id='word_1_75' title='bbox 710 1595 851 1659; x_wconf 90' lang='lat' dir='ltr'><strong>ostendit</strong></span> <span class='ocrx_word' id='word_1_76' title='bbox 878 1594 968 1658; x_wconf 72' lang='lat' dir='ltr'><strong>‘sed’</strong></span> <span class='ocrx_word' id='word_1_77' title='bbox 999 1616 1026 1659; x_wconf 89' lang='lat' dir='ltr'><strong>e.</strong></span> 
     </span>
     <span class='ocr_line' id='line_1_14' title="bbox 62 1678 1028 1767; baseline -0.004 -21"><span class='ocrx_word' id='word_1_78' title='bbox 62 1707 94 1767; x_wconf 91' lang='lat' dir='ltr'><strong>q.</strong></span> <span class='ocrx_word' id='word_1_79' title='bbox 119 1704 143 1747; x_wconf 90' lang='lat' dir='ltr'><strong>s.</strong></span> <span class='ocrx_word' id='word_1_80' title='bbox 187 1681 327 1748; x_wconf 81' lang='lat' dir='ltr'><strong>Eosdem</strong></span> <span class='ocrx_word' id='word_1_81' title='bbox 354 1703 479 1765; x_wconf 81' lang='lat' dir='ltr'><strong>versus,</strong></span> <span class='ocrx_word' id='word_1_82' title='bbox 507 1682 535 1745; x_wconf 90' lang='lat' dir='ltr'><strong>si</strong></span> <span class='ocrx_word' id='word_1_83' title='bbox 561 1681 639 1744; x_wconf 89' lang='lat' dir='ltr'><strong>fides</strong></span> <span class='ocrx_word' id='word_1_84' title='bbox 670 1679 831 1744; x_wconf 82' lang='lat' dir='ltr'><strong>codicibus</strong></span> <span class='ocrx_word' id='word_1_85' title='bbox 852 1678 1028 1762; x_wconf 86' lang='lat' dir='ltr'><strong>nonnullis,</strong></span> 
     </span>
     <span class='ocr_line' id='line_1_15' title="bbox 64 1763 1029 1850; baseline -0.006 -18"><span class='ocrx_word' id='word_1_86' title='bbox 64 1767 164 1832; x_wconf 87' lang='lat' dir='ltr'><strong>etiam</strong></span> <span class='ocrx_word' id='word_1_87' title='bbox 187 1765 315 1831; x_wconf 79' lang='lat' dir='ltr'><strong>Servius</strong></span> <span class='ocrx_word' id='word_1_88' title='bbox 336 1765 473 1850; x_wconf 88' lang='lat' dir='ltr'><strong>protulit</strong></span> <span class='ocrx_word' id='word_1_89' title='bbox 499 1764 593 1831; x_wconf 89' lang='lat' dir='ltr'><strong>adh.</strong></span> <span class='ocrx_word' id='word_1_90' title='bbox 615 1765 636 1830; x_wconf 92' lang='lat' dir='ltr'><strong>l.</strong></span> <span class='ocrx_word' id='word_1_91' title='bbox 681 1763 788 1829; x_wconf 79' lang='lat' dir='ltr'><strong>Secuti</strong></span> <span class='ocrx_word' id='word_1_92' title='bbox 810 1785 918 1828; x_wconf 91' lang='lat' dir='ltr'><strong>sumus</strong></span> <span class='ocrx_word' id='word_1_93' title='bbox 940 1785 1029 1847; x_wconf 83' lang='lat' dir='ltr'><strong>prae-</strong></span> 
     </span>
     <span class='ocr_line' id='line_1_16' title="bbox 62 1847 1028 1935; baseline -0.005 -18"><span class='ocrx_word' id='word_1_94' title='bbox 62 1858 115 1917; x_wconf 90' lang='lat' dir='ltr'><strong>ter</strong></span> <span class='ocrx_word' id='word_1_95' title='bbox 137 1851 285 1916; x_wconf 91' lang='lat' dir='ltr'><strong>ultimum</strong></span> <span class='ocrx_word' id='word_1_96' title='bbox 313 1873 342 1915; x_wconf 86' lang='lat' dir='ltr'><strong>v.</strong></span> <span class='ocrx_word' id='word_1_97' title='bbox 366 1849 451 1916; x_wconf 84' lang='lat' dir='ltr'><strong>Scali</strong></span> <span class='ocrx_word' id='word_1_98' title='bbox 474 1853 536 1935; x_wconf 89' lang='lat' dir='ltr'><strong>eri,</strong></span> <span class='ocrx_word' id='word_1_99' title='bbox 564 1871 645 1934; x_wconf 87' lang='lat' dir='ltr'><strong>quae</strong></span> <span class='ocrx_word' id='word_1_100' title='bbox 668 1849 708 1914; x_wconf 94' lang='lat' dir='ltr'><strong>ad</strong></span> <span class='ocrx_word' id='word_1_101' title='bbox 730 1848 840 1913; x_wconf 88' lang='lat' dir='ltr'><strong>Manil.</strong></span> <span class='ocrx_word' id='word_1_102' title='bbox 864 1847 943 1932; x_wconf 91' lang='lat' dir='ltr'><strong>IIII,</strong></span> <span class='ocrx_word' id='word_1_103' title='bbox 967 1847 1028 1912; x_wconf 75' lang='lat'><strong>775</strong></span> 
     </span>
     <span class='ocr_line' id='line_1_17' title="bbox 61 1871 1029 2021; baseline -0.004 -21"><span class='ocrx_word' id='word_1_104' title='bbox 61 1937 236 2021; x_wconf 77' lang='lat' dir='ltr'><strong>prompsit,</strong></span> <span class='ocrx_word' id='word_1_105' title='bbox 265 1936 406 2001; x_wconf 88' lang='lat' dir='ltr'><strong>inventa.</strong></span> <span class='ocrx_word' id='word_1_106' title='bbox 449 1871 535 2001; x_wconf 63' lang='lat' dir='ltr'><strong>llam</strong></span> <span class='ocrx_word' id='word_1_107' title='bbox 562 1935 647 2020; x_wconf 86' lang='lat' dir='ltr'><strong>apud</strong></span> <span class='ocrx_word' id='word_1_108' title='bbox 678 1933 917 2018; x_wconf 82' lang='lat' dir='ltr'><strong>Philargyrium</strong></span> <span class='ocrx_word' id='word_1_109' title='bbox 949 1933 1029 1996; x_wconf 87' lang='lat' dir='ltr'><strong>haec</strong></span> 
     </span>
     <span class='ocr_line' id='line_1_18' title="bbox 64 2018 1031 2107; baseline -0.003 -22"><span class='ocrx_word' id='word_1_110' title='bbox 64 2022 219 2107; x_wconf 85' lang='lat' dir='ltr'><strong>leguntur</strong></span> <span class='ocrx_word' id='word_1_111' title='bbox 239 2024 378 2085; x_wconf 85' lang='lat' dir='ltr'><strong>testante</strong></span> <span class='ocrx_word' id='word_1_112' title='bbox 392 2020 544 2106; x_wconf 82' lang='lat' dir='ltr'><strong>Hageno:</strong></span> <span class='ocrx_word' id='word_1_113' title='bbox 568 2019 640 2084; x_wconf 76' lang='lat' dir='ltr'><strong>‘sed</strong></span> <span class='ocrx_word' id='word_1_114' title='bbox 662 2020 700 2084; x_wconf 89' lang='lat' dir='ltr'><strong>de</strong></span> <span class='ocrx_word' id='word_1_115' title='bbox 721 2019 804 2084; x_wconf 86' lang='lat' dir='ltr'><strong>flavo</strong></span> <span class='ocrx_word' id='word_1_116' title='bbox 828 2023 861 2083; x_wconf 87' lang='lat' dir='ltr'><strong>et</strong></span> <span class='ocrx_word' id='word_1_117' title='bbox 881 2039 961 2084; x_wconf 85' lang='lat' dir='ltr'><strong>cano</strong></span> <span class='ocrx_word' id='word_1_118' title='bbox 984 2018 1031 2082; x_wconf 88' lang='lat' dir='ltr'><strong>ita</strong></span> 
     </span>
     <span class='ocr_line' id='line_1_19' title="bbox 61 2103 1029 2188; baseline -0.004 -18"><span class='ocrx_word' id='word_1_119' title='bbox 61 2105 168 2170; x_wconf 87' lang='lat' dir='ltr'><strong>Roma</strong></span> <span class='ocrx_word' id='word_1_120' title='bbox 189 2106 245 2170; x_wconf 86' lang='lat' dir='ltr'><strong>abs</strong></span> <span class='ocrx_word' id='word_1_121' title='bbox 267 2105 392 2188; x_wconf 87' lang='lat' dir='ltr'><strong>colapia</strong></span> <span class='ocrx_word' id='word_1_122' title='bbox 417 2128 537 2171; x_wconf 91' lang='lat' dir='ltr'><strong>nomen</strong></span> <span class='ocrx_word' id='word_1_123' title='bbox 557 2127 679 2170; x_wconf 89' lang='lat' dir='ltr'><strong>novum</strong></span> <span class='ocrx_word' id='word_1_124' title='bbox 700 2104 794 2169; x_wconf 88' lang='lat' dir='ltr'><strong>Latio</strong></span> <span class='ocrx_word' id='word_1_125' title='bbox 822 2104 914 2188; x_wconf 82' lang='lat' dir='ltr'><strong>facit,</strong></span> <span class='ocrx_word' id='word_1_126' title='bbox 943 2103 1029 2188; x_wconf 92' lang='lat' dir='ltr'><strong>quod</strong></span> 
     </span>
     <span class='ocr_line' id='line_1_20' title="bbox 63 2188 1028 2274; baseline -0.005 -19"><span class='ocrx_word' id='word_1_127' title='bbox 63 2189 250 2255; x_wconf 87' lang='lat' dir='ltr'><strong>conditricis</strong></span> <span class='ocrx_word' id='word_1_128' title='bbox 270 2191 402 2254; x_wconf 91' lang='lat' dir='ltr'><strong>nomine</strong></span> <span class='ocrx_word' id='word_1_129' title='bbox 431 2191 471 2256; x_wconf 84' lang='lat' dir='ltr'><strong>ab</strong></span> <span class='ocrx_word' id='word_1_130' title='bbox 498 2191 568 2274; x_wconf 89' lang='lat' dir='ltr'><strong>ipso</strong></span> <span class='ocrx_word' id='word_1_131' title='bbox 592 2212 703 2255; x_wconf 89' lang='lat' dir='ltr'><strong>omnes</strong></span> <span class='ocrx_word' id='word_1_132' title='bbox 724 2188 861 2255; x_wconf 86' lang='lat' dir='ltr'><strong>Romam</strong></span> <span class='ocrx_word' id='word_1_133' title='bbox 883 2193 1028 2254; x_wconf 81' lang='lat' dir='ltr'><strong>vocant&#39;.</strong></span> 
     </span>
     <span class='ocr_line' id='line_1_21' title="bbox 63 2272 1030 2358; baseline -0.006 -19"><span class='ocrx_word' id='word_1_134' title='bbox 63 2275 162 2358; x_wconf 87' lang='lat' dir='ltr'><strong>Apud</strong></span> <span class='ocrx_word' id='word_1_135' title='bbox 190 2273 353 2357; x_wconf 80' lang='lat' dir='ltr'><strong>Servium,</strong></span> <span class='ocrx_word' id='word_1_136' title='bbox 383 2276 439 2339; x_wconf 90' lang='lat' dir='ltr'><strong>ubi</strong></span> <span class='ocrx_word' id='word_1_137' title='bbox 460 2275 580 2340; x_wconf 89' lang='lat' dir='ltr'><strong>similes</strong></span> <span class='ocrx_word' id='word_1_138' title='bbox 602 2279 678 2340; x_wconf 89' lang='lat' dir='ltr'><strong>sunt</strong></span> <span class='ocrx_word' id='word_1_139' title='bbox 699 2275 822 2358; x_wconf 89' lang='lat' dir='ltr'><strong>sordes,</strong></span> <span class='ocrx_word' id='word_1_140' title='bbox 851 2274 905 2338; x_wconf 90' lang='lat' dir='ltr'><strong>sed</strong></span> <span class='ocrx_word' id='word_1_141' title='bbox 927 2272 1030 2354; x_wconf 83' lang='lat' dir='ltr'><strong>magis</strong></span> 
     </span>
     <span class='ocr_line' id='line_1_22' title="bbox 64 2358 1112 2507; baseline -0.007 -83"><span class='ocrx_word' id='word_1_142' title='bbox 64 2361 162 2424; x_wconf 85' lang='lat' dir='ltr'><strong>etiarn</strong></span> <span class='ocrx_word' id='word_1_143' title='bbox 183 2360 305 2507; x_wconf 62' lang='lat' dir='ltr'><strong>mqerta</strong></span> <span class='ocrx_word' id='word_1_144' title='bbox 331 2359 513 2424; x_wconf 73' lang='lat' dir='ltr'><strong>traditionis</strong></span> <span class='ocrx_word' id='word_1_145' title='bbox 545 2359 623 2424; x_wconf 90' lang='lat' dir='ltr'><strong>fides</strong></span> <span class='ocrx_word' id='word_1_146' title='bbox 645 2359 789 2424; x_wconf 86' lang='lat' dir='ltr'><strong>Marinus</strong></span> <span class='ocrx_word' id='word_1_147' title='bbox 811 2358 1028 2440; x_wconf 89' lang='lat' dir='ltr'><strong>Lupercorum</strong></span> <span class='ocrx_word' id='word_1_148' title='bbox 1110 2364 1112 2372; x_wconf 83' lang='grc'><strong>“</strong></span> 
     </span>
     <span class='ocr_line' id='line_1_23' title="bbox 61 2444 279 2528; baseline 0.005 -20"><span class='ocrx_word' id='word_1_149' title='bbox 61 2448 160 2528; x_wconf 86' lang='lat' dir='ltr'><strong>pocta</strong></span> <span class='ocrx_word' id='word_1_150' title='bbox 182 2466 222 2508; x_wconf 88' lang='lat' dir='ltr'><strong>au</strong></span> <span class='ocrx_word' id='word_1_151' title='bbox 244 2444 279 2509; x_wconf 92' lang='lat' dir='ltr'><strong>it.</strong></span> 
     </span>
    </p>
   </div>
   <div class='ocr_carea' id='block_1_4' title="bbox 324 2627 761 2694">
    <p class='ocr_par' dir='ltr' id='par_1_9' title="bbox 324 2627 761 2694">
     <span class='ocr_line' id='line_1_24' title="bbox 324 2627 761 2694; baseline 0 -2"><span class='ocrx_word' id='word_1_152' title='bbox 324 2627 502 2693; x_wconf 81' lang='lat' dir='ltr'>INOERTI</span> <span class='ocrx_word' id='word_1_153' title='bbox 523 2627 761 2694; x_wconf 78' lang='lat' dir='ltr'><strong>AVCTORES.</strong></span> 
     </span>
    </p>
   </div>
   <div class='ocr_carea' id='block_1_5' title="bbox 65 2780 848 3627">
    <p class='ocr_par' dir='ltr' id='par_1_10' title="bbox 65 2780 848 3627">
     <span class='ocr_line' id='line_1_25' title="bbox 65 2780 692 2848; baseline -0.006 -1"><span class='ocrx_word' id='word_1_154' title='bbox 65 2784 93 2848; x_wconf 90' lang='lat'><strong>1.</strong></span> <span class='ocrx_word' id='word_1_155' title='bbox 311 2782 386 2845; x_wconf 89' lang='lat' dir='ltr'><strong>dum</strong></span> <span class='ocrx_word' id='word_1_156' title='bbox 408 2780 582 2846; x_wconf 88' lang='lat' dir='ltr'><strong>semhiulco</strong></span> <span class='ocrx_word' id='word_1_157' title='bbox 605 2780 692 2844; x_wconf 88' lang='lat' dir='ltr'><strong>savio</strong></span> 
     </span>
     <span class='ocr_line' id='line_1_26' title="bbox 309 2865 708 2948; baseline 0 -19"><span class='ocrx_word' id='word_1_158' title='bbox 309 2887 415 2931; x_wconf 90' lang='lat' dir='ltr'><strong>meum</strong></span> <span class='ocrx_word' id='word_1_159' title='bbox 436 2865 580 2948; x_wconf 89' lang='lat' dir='ltr'><strong>puellum</strong></span> <span class='ocrx_word' id='word_1_160' title='bbox 602 2865 708 2930; x_wconf 85' lang='lat' dir='ltr'><strong>savior</strong></span> 
     </span>
     <span class='ocr_line' id='line_1_27' title="bbox 310 2949 783 3034; baseline -0.004 -20"><span class='ocrx_word' id='word_1_161' title='bbox 310 2950 497 3034; x_wconf 89' lang='lat' dir='ltr'><strong>dulcemque</strong></span> <span class='ocrx_word' id='word_1_162' title='bbox 519 2950 631 3015; x_wconf 86' lang='lat' dir='ltr'><strong>florem</strong></span> <span class='ocrx_word' id='word_1_163' title='bbox 653 2949 783 3033; x_wconf 88' lang='lat' dir='ltr'><strong>spiritus</strong></span> 
     </span>
     <span class='ocr_line' id='line_1_28' title="bbox 310 3035 748 3119; baseline 0.002 -21"><span class='ocrx_word' id='word_1_164' title='bbox 310 3035 390 3100; x_wconf 92' lang='lat' dir='ltr'><strong>duco</strong></span> <span class='ocrx_word' id='word_1_165' title='bbox 413 3057 452 3099; x_wconf 86' lang='lat' dir='ltr'><strong>ex</strong></span> <span class='ocrx_word' id='word_1_166' title='bbox 473 3039 584 3119; x_wconf 89' lang='lat' dir='ltr'><strong>aperto</strong></span> <span class='ocrx_word' id='word_1_167' title='bbox 606 3035 748 3118; x_wconf 86' lang='lat' dir='ltr'><strong>tramite,</strong></span> 
     </span>
     <span class='ocr_line' id='line_1_29' title="bbox 310 3119 848 3206; baseline -0.006 -22"><span class='ocrx_word' id='word_1_168' title='bbox 310 3120 418 3185; x_wconf 88' lang='lat' dir='ltr'><strong>anima</strong></span> <span class='ocrx_word' id='word_1_169' title='bbox 439 3141 535 3206; x_wconf 85' lang='lat' dir='ltr'><strong>aegra</strong></span> <span class='ocrx_word' id='word_1_170' title='bbox 557 3141 664 3184; x_wconf 87' lang='lat' dir='ltr'><strong>amore</strong></span> <span class='ocrx_word' id='word_1_171' title='bbox 687 3123 720 3183; x_wconf 88' lang='lat' dir='ltr'><strong>et</strong></span> <span class='ocrx_word' id='word_1_172' title='bbox 741 3119 848 3182; x_wconf 84' lang='lat' dir='ltr'><strong>saucia</strong></span> 
     </span>
     <span class='ocr_line' id='line_1_30' title="bbox 311 3203 750 3288; baseline 0.002 -21"><span class='ocrx_word' id='word_1_173' title='bbox 311 3205 451 3270; x_wconf 80' lang='lat' dir='ltr'><strong>cucurrit</strong></span> <span class='ocrx_word' id='word_1_174' title='bbox 472 3205 512 3269; x_wconf 88' lang='lat' dir='ltr'><strong>ad</strong></span> <span class='ocrx_word' id='word_1_175' title='bbox 533 3204 634 3268; x_wconf 84' lang='lat' dir='ltr'><strong>labias</strong></span> <span class='ocrx_word' id='word_1_176' title='bbox 655 3203 750 3288; x_wconf 86' lang='lat' dir='ltr'><strong>mihi,</strong></span> 
     </span>
     <span class='ocr_line' id='line_1_31' title="bbox 310 3289 800 3374; baseline 0 -22"><span class='ocrx_word' id='word_1_177' title='bbox 310 3289 489 3374; x_wconf 89' lang='lat' dir='ltr'><strong>rictumque</strong></span> <span class='ocrx_word' id='word_1_178' title='bbox 510 3290 546 3354; x_wconf 91' lang='lat' dir='ltr'><strong>in</strong></span> <span class='ocrx_word' id='word_1_179' title='bbox 568 3289 633 3354; x_wconf 89' lang='lat' dir='ltr'><strong>oris</strong></span> <span class='ocrx_word' id='word_1_180' title='bbox 653 3289 800 3372; x_wconf 87' lang='lat' dir='ltr'><strong>pervium</strong></span> 
     </span>
     <span class='ocr_line' id='line_1_32' title="bbox 309 3373 712 3458; baseline 0.005 -22"><span class='ocrx_word' id='word_1_181' title='bbox 309 3375 341 3436; x_wconf 88' lang='lat' dir='ltr'><strong>et</strong></span> <span class='ocrx_word' id='word_1_182' title='bbox 362 3373 452 3438; x_wconf 86' lang='lat' dir='ltr'><strong>labra</strong></span> <span class='ocrx_word' id='word_1_183' title='bbox 472 3374 564 3458; x_wconf 86' lang='lat' dir='ltr'><strong>pueri</strong></span> <span class='ocrx_word' id='word_1_184' title='bbox 584 3373 712 3458; x_wconf 88' lang='lat' dir='ltr'><strong>mollia,</strong></span> 
     </span>
     <span class='ocr_line' id='line_1_33' title="bbox 310 3457 745 3544; baseline 0.002 -23"><span class='ocrx_word' id='word_1_185' title='bbox 310 3457 426 3523; x_wconf 86' lang='lat' dir='ltr'><strong>rimata</strong></span> <span class='ocrx_word' id='word_1_186' title='bbox 447 3458 556 3523; x_wconf 89' lang='lat' dir='ltr'><strong>itineri</strong></span> <span class='ocrx_word' id='word_1_187' title='bbox 577 3459 745 3544; x_wconf 84' lang='lat' dir='ltr'><strong>transitus,</strong></span> 
     </span>
     <span class='ocr_line' id='line_1_34' title="bbox 309 3543 703 3627; baseline 0.01 -22"><span class='ocrx_word' id='word_1_188' title='bbox 309 3547 346 3605; x_wconf 90' lang='lat' dir='ltr'><strong>ut</strong></span> <span class='ocrx_word' id='word_1_189' title='bbox 367 3543 557 3627; x_wconf 88' lang='lat' dir='ltr'><strong>transiliret,</strong></span> <span class='ocrx_word' id='word_1_190' title='bbox 580 3545 703 3608; x_wconf 88' lang='lat' dir='ltr'><strong>nititur.</strong></span> 
     </span>
    </p>
   </div>
   <div class='ocr_carea' id='block_1_6' title="bbox 0 0 1186 3886">
    <p class='ocr_par' dir='ltr' id='par_1_11' title="bbox 0 0 1186 3886">
     <span class='ocr_line' id='line_1_35' title="bbox 0 0 1186 3886; baseline 0 0"><span class='ocrx_word' id='word_1_191' title='bbox 0 0 1186 3886; x_wconf 95' lang='lat' dir='ltr'><strong> </strong></span> 
     </span>
    </p>
   </div>
  </div>
 </body>
</html>
