<?xml version="1.0" encoding="UTF-8"?>
<!DOCTYPE html PUBLIC "-//W3C//DTD XHTML 1.0 Transitional//EN"
    "http://www.w3.org/TR/xhtml1/DTD/xhtml1-transitional.dtd">
<html xmlns="http://www.w3.org/1999/xhtml" xml:lang="en" lang="en">
 <head>
  <title>
</title>
<meta http-equiv="Content-Type" content="text/html;charset=utf-8" />
  <meta name='ocr-system' content='tesseract 3.04.00' />
  <meta name='ocr-capabilities' content='ocr_page ocr_carea ocr_par ocr_line ocrx_word'/>
</head>
<body>
  <div class='ocr_page' id='page_1' title='image "./claudiirutiliin01hadrgoog_0049.png"; bbox 0 0 2356 3886; ppageno 0'>
   <div class='ocr_carea' id='block_1_1' title="bbox 154 176 710 242">
    <p class='ocr_par' dir='ltr' id='par_1_1' title="bbox 154 176 710 242">
     <span class='ocr_line' id='line_1_1' title="bbox 154 176 710 242; baseline 0.009 -11"><span class='ocrx_word' id='word_1_1' title='bbox 154 176 197 242; x_wconf 88' lang='lat'><strong>30</strong></span> <span class='ocrx_word' id='word_1_2' title='bbox 562 179 710 236; x_wconf 77' lang='lat' dir='ltr'>FLORVS.</span> 
     </span>
    </p>
   </div>
   <div class='ocr_carea' id='block_1_2' title="bbox 218 343 1125 427">
    <p class='ocr_par' dir='ltr' id='par_1_2' title="bbox 218 343 1125 427">
     <span class='ocr_line' id='line_1_2' title="bbox 218 343 1125 427; baseline 0.001 -19"><span class='ocrx_word' id='word_1_3' title='bbox 218 365 313 408; x_wconf 92' lang='lat' dir='ltr'><strong>nemo</strong></span> <span class='ocrx_word' id='word_1_4' title='bbox 328 366 396 409; x_wconf 91' lang='lat' dir='ltr'><strong>non</strong></span> <span class='ocrx_word' id='word_1_5' title='bbox 409 343 489 408; x_wconf 82' lang='lat' dir='ltr'><strong>haee</strong></span> <span class='ocrx_word' id='word_1_6' title='bbox 503 365 579 408; x_wconf 82' lang='lat' dir='ltr'><strong>vera</strong></span> <span class='ocrx_word' id='word_1_7' title='bbox 592 343 685 427; x_wconf 82' lang='lat' dir='ltr'><strong>dicit,</strong></span> <span class='ocrx_word' id='word_1_8' title='bbox 707 365 802 409; x_wconf 88' lang='lat' dir='ltr'><strong>nemo</strong></span> <span class='ocrx_word' id='word_1_9' title='bbox 821 365 890 408; x_wconf 91' lang='lat' dir='ltr'><strong>non</strong></span> <span class='ocrx_word' id='word_1_10' title='bbox 904 347 1020 408; x_wconf 85' lang='lat' dir='ltr'><strong>eontra</strong></span> <span class='ocrx_word' id='word_1_11' title='bbox 1034 344 1125 410; x_wconf 73' lang='lat' dir='ltr'><strong>fauit</strong></span> 
     </span>
    </p>
   </div>
   <div class='ocr_carea' id='block_1_3' title="bbox 156 444 1124 614">
    <p class='ocr_par' dir='ltr' id='par_1_3' title="bbox 156 444 1124 614">
     <span class='ocr_line' id='line_1_3' title="bbox 219 444 1124 531; baseline 0.001 -21"><span class='ocrx_word' id='word_1_12' title='bbox 219 444 259 510; x_wconf 84' lang='lat' dir='ltr'><strong>V.</strong></span> <span class='ocrx_word' id='word_1_13' title='bbox 281 445 302 508; x_wconf 85' lang='lat'><em>2</em></span> <span class='ocrx_word' id='word_1_14' title='bbox 329 445 447 529; x_wconf 85' lang='lat' dir='ltr'><strong>pudor,</strong></span> <span class='ocrx_word' id='word_1_15' title='bbox 470 444 572 510; x_wconf 86' lang='lat' dir='ltr'><strong>dietus</strong></span> <span class='ocrx_word' id='word_1_16' title='bbox 594 450 631 509; x_wconf 89' lang='lat' dir='ltr'><strong>ut</strong></span> <span class='ocrx_word' id='word_1_17' title='bbox 658 445 743 528; x_wconf 86' lang='lat' dir='ltr'><strong>apud</strong></span> <span class='ocrx_word' id='word_1_18' title='bbox 763 444 843 509; x_wconf 90' lang='lat' dir='ltr'><strong>Hor.</strong></span> <span class='ocrx_word' id='word_1_19' title='bbox 866 449 924 509; x_wconf 86' lang='lat' dir='ltr'><strong>sat.</strong></span> <span class='ocrx_word' id='word_1_20' title='bbox 947 445 980 530; x_wconf 88' lang='lat' dir='ltr'><strong>I,</strong></span> <span class='ocrx_word' id='word_1_21' title='bbox 1002 445 1041 531; x_wconf 88' lang='lat'><strong>6,</strong></span> <span class='ocrx_word' id='word_1_22' title='bbox 1064 447 1124 530; x_wconf 74' lang='lat'><strong>573</strong></span> 
     </span>
     <span class='ocr_line' id='line_1_4' title="bbox 156 528 480 614; baseline 0.009 -21"><span class='ocrx_word' id='word_1_23' title='bbox 156 528 230 594; x_wconf 83' lang='lat' dir='ltr'><strong>Tac.</strong></span> <span class='ocrx_word' id='word_1_24' title='bbox 253 550 328 594; x_wconf 87' lang='lat' dir='ltr'><strong>ann.</strong></span> <span class='ocrx_word' id='word_1_25' title='bbox 350 529 407 614; x_wconf 89' lang='lat' dir='ltr'><strong>XI,</strong></span> <span class='ocrx_word' id='word_1_26' title='bbox 429 531 480 596; x_wconf 86' lang='lat'><strong>35.</strong></span> 
     </span>
    </p>
   </div>
   <div class='ocr_carea' id='block_1_4' title="bbox 152 631 1162 1932">
    <p class='ocr_par' dir='ltr' id='par_1_4' title="bbox 152 631 1162 1932">
     <span class='ocr_line' id='line_1_5' title="bbox 178 631 1096 716; baseline 0 -20"><span class='ocrx_word' id='word_1_27' title='bbox 178 631 207 696; x_wconf 88' lang='grc'><strong>9.</strong></span> <span class='ocrx_word' id='word_1_28' title='bbox 240 631 388 696; x_wconf 85' lang='lat' dir='ltr'><strong>eonsules</strong></span> <span class='ocrx_word' id='word_1_29' title='bbox 409 632 492 696; x_wconf 86' lang='lat' dir='ltr'><strong>fiunt</strong></span> <span class='ocrx_word' id='word_1_30' title='bbox 513 631 692 716; x_wconf 73' lang='lat' dir='ltr'><strong>quodannis</strong></span> <span class='ocrx_word' id='word_1_31' title='bbox 715 635 748 695; x_wconf 90' lang='lat' dir='ltr'><strong>et</strong></span> <span class='ocrx_word' id='word_1_32' title='bbox 767 631 846 696; x_wconf 87' lang='lat' dir='ltr'><strong>novi</strong></span> <span class='ocrx_word' id='word_1_33' title='bbox 866 631 1096 716; x_wconf 57' lang='lat' dir='ltr'><strong>proconsulem</strong></span> 
     </span>
     <span class='ocr_line' id='line_1_6' title="bbox 152 715 1120 802; baseline 0.002 -23"><span class='ocrx_word' id='word_1_34' title='bbox 152 794 156 802; x_wconf 29' lang='grc' dir='ltr'>Ι</span> <span class='ocrx_word' id='word_1_35' title='bbox 241 715 328 780; x_wconf 89' lang='lat' dir='ltr'><strong>solus</strong></span> <span class='ocrx_word' id='word_1_36' title='bbox 349 720 406 781; x_wconf 88' lang='lat' dir='ltr'><strong>aut</strong></span> <span class='ocrx_word' id='word_1_37' title='bbox 426 739 482 781; x_wconf 83' lang='lat' dir='ltr'><strong>rex</strong></span> <span class='ocrx_word' id='word_1_38' title='bbox 497 721 553 781; x_wconf 89' lang='lat' dir='ltr'><strong>aut</strong></span> <span class='ocrx_word' id='word_1_39' title='bbox 572 720 669 799; x_wconf 84' lang='lat' dir='ltr'><strong>poeta</strong></span> <span class='ocrx_word' id='word_1_40' title='bbox 682 737 750 780; x_wconf 90' lang='lat' dir='ltr'><strong>non</strong></span> <span class='ocrx_word' id='word_1_41' title='bbox 765 715 945 800; x_wconf 80' lang='lat' dir='ltr'><strong>quodannis</strong></span> <span class='ocrx_word' id='word_1_42' title='bbox 964 717 1120 782; x_wconf 78' lang='lat' dir='ltr'><strong>naseitm.</strong></span> 
     </span>
     <span class='ocr_line' id='line_1_7' title="bbox 158 801 1162 885; baseline 0.002 -21"><span class='ocrx_word' id='word_1_43' title='bbox 158 801 206 865; x_wconf 84' lang='lat'><strong>10.</strong></span> <span class='ocrx_word' id='word_1_44' title='bbox 240 805 399 865; x_wconf 84' lang='lat' dir='ltr'><strong>venerunt</strong></span> <span class='ocrx_word' id='word_1_45' title='bbox 419 801 591 885; x_wconf 85' lang='lat' dir='ltr'><strong>aliquando</strong></span> <span class='ocrx_word' id='word_1_46' title='bbox 612 821 713 864; x_wconf 84' lang='lat' dir='ltr'><strong>rosae.</strong></span> <span class='ocrx_word' id='word_1_47' title='bbox 757 822 815 883; x_wconf 89' lang='lat' dir='ltr'><strong>per</strong></span> <span class='ocrx_word' id='word_1_48' title='bbox 836 801 919 864; x_wconf 82' lang='lat' dir='ltr'><strong>veris</strong></span> <span class='ocrx_word' id='word_1_49' title='bbox 941 802 1074 866; x_wconf 87' lang='lat' dir='ltr'><strong>amoeni</strong></span> <span class='ocrx_word' id='word_1_50' title='bbox 1161 817 1162 853; x_wconf 59' lang='lat' dir='ltr'><strong>t</strong></span> 
     </span>
     <span class='ocr_line' id='line_1_8' title="bbox 186 883 1043 971; baseline -0.001 -21"><span class='ocrx_word' id='word_1_51' title='bbox 186 917 190 924; x_wconf 89' lang='lat'>·</span> <span class='ocrx_word' id='word_1_52' title='bbox 241 886 408 971; x_wconf 85' lang='lat' dir='ltr'><strong>ingenium</strong></span> <span class='ocrx_word' id='word_1_53' title='bbox 429 908 495 950; x_wconf 90' lang='lat' dir='ltr'><strong>una</strong></span> <span class='ocrx_word' id='word_1_54' title='bbox 517 885 583 948; x_wconf 87' lang='lat' dir='ltr'><strong>dies</strong></span> <span class='ocrx_word' id='word_1_55' title='bbox 606 883 746 949; x_wconf 73' lang='lat' dir='ltr'><strong>ostendit</strong></span> <span class='ocrx_word' id='word_1_56' title='bbox 766 885 889 969; x_wconf 86' lang='lat' dir='ltr'><strong>spicula</strong></span> <span class='ocrx_word' id='word_1_57' title='bbox 909 885 1027 950; x_wconf 88' lang='lat' dir='ltr'><strong>florum</strong></span> <span class='ocrx_word' id='word_1_58' title='bbox 1033 937 1043 970; x_wconf 87' lang='lat'><em>,</em></span> 
     </span>
     <span class='ocr_line' id='line_1_9' title="bbox 241 969 1037 1054; baseline -0.001 -20"><span class='ocrx_word' id='word_1_59' title='bbox 241 971 342 1034; x_wconf 87' lang='lat' dir='ltr'><strong>altera</strong></span> <span class='ocrx_word' id='word_1_60' title='bbox 363 969 543 1054; x_wconf 75' lang='lat' dir='ltr'><strong>pyramidas</strong></span> <span class='ocrx_word' id='word_1_61' title='bbox 564 969 650 1034; x_wconf 94' lang='lat' dir='ltr'><strong>nodo</strong></span> <span class='ocrx_word' id='word_1_62' title='bbox 673 969 793 1034; x_wconf 87' lang='lat' dir='ltr'><strong>maiore</strong></span> <span class='ocrx_word' id='word_1_63' title='bbox 814 973 991 1053; x_wconf 77' lang='lat' dir='ltr'><strong>tumentes,</strong></span> <span class='ocrx_word' id='word_1_64' title='bbox 1029 1001 1037 1016; x_wconf 88' lang='lat'><strong>·</strong></span> 
     </span>
     <span class='ocr_line' id='line_1_10' title="bbox 240 1053 1162 1152; baseline 0 -33"><span class='ocrx_word' id='word_1_65' title='bbox 240 1055 421 1120; x_wconf 84' lang='lat' dir='ltr'><strong>tertiaiam</strong></span> <span class='ocrx_word' id='word_1_66' title='bbox 442 1053 585 1119; x_wconf 72' lang='lat' dir='ltr'><strong>calathos</strong></span> <span class='ocrx_word' id='word_1_67' title='bbox 590 1103 600 1138; x_wconf 88' lang='lat'><em>‚</em></span> <span class='ocrx_word' id='word_1_68' title='bbox 621 1057 727 1118; x_wconf 85' lang='lat' dir='ltr'><strong>totum</strong></span> <span class='ocrx_word' id='word_1_69' title='bbox 747 1054 804 1117; x_wconf 88' lang='lat' dir='ltr'><strong>lux</strong></span> <span class='ocrx_word' id='word_1_70' title='bbox 824 1058 940 1138; x_wconf 85' lang='lat' dir='ltr'><strong>quarta</strong></span> <span class='ocrx_word' id='word_1_71' title='bbox 960 1057 1090 1140; x_wconf 77' lang='lat' dir='ltr'><strong>peregit</strong></span> <span class='ocrx_word' id='word_1_72' title='bbox 1161 1089 1162 1152; x_wconf 66' lang='lat' dir='ltr'><strong>y</strong></span> 
     </span>
     <span class='ocr_line' id='line_1_11' title="bbox 212 1137 1162 1224; baseline 0.002 -23"><span class='ocrx_word' id='word_1_73' title='bbox 212 1140 329 1204; x_wconf 83' lang='lat' dir='ltr'><strong>ofloris</strong></span> <span class='ocrx_word' id='word_1_74' title='bbox 345 1160 434 1222; x_wconf 86' lang='lat' dir='ltr'><strong>opus.</strong></span> <span class='ocrx_word' id='word_1_75' title='bbox 464 1141 601 1221; x_wconf 88' lang='lat' dir='ltr'><strong>pereunt</strong></span> <span class='ocrx_word' id='word_1_76' title='bbox 620 1137 733 1222; x_wconf 88' lang='lat' dir='ltr'><strong>hodie,</strong></span> <span class='ocrx_word' id='word_1_77' title='bbox 754 1139 818 1202; x_wconf 84' lang='lat' dir='ltr'><strong>nisi</strong></span> <span class='ocrx_word' id='word_1_78' title='bbox 839 1161 934 1204; x_wconf 87' lang='lat' dir='ltr'><strong>mane</strong></span> <span class='ocrx_word' id='word_1_79' title='bbox 955 1139 1118 1224; x_wconf 84' lang='lat' dir='ltr'><strong>leguntur.</strong></span> <span class='ocrx_word' id='word_1_80' title='bbox 1161 1155 1162 1194; x_wconf 61' lang='grc' dir='ltr'><strong>ἓ</strong></span> 
     </span>
     <span class='ocr_line' id='line_1_12' title="bbox 217 1237 1119 1336; baseline 0.001 -31"><span class='ocrx_word' id='word_1_81' title='bbox 217 1240 259 1306; x_wconf 90' lang='lat' dir='ltr'><strong>V.</strong></span> <span class='ocrx_word' id='word_1_82' title='bbox 277 1242 294 1304; x_wconf 91' lang='lat'>1</span> <span class='ocrx_word' id='word_1_83' title='bbox 318 1260 451 1304; x_wconf 86' lang='lat' dir='ltr'><strong>amoene</strong></span> <span class='ocrx_word' id='word_1_84' title='bbox 466 1237 497 1304; x_wconf 75' lang='lat' dir='ltr'><strong>S.</strong></span> <span class='ocrx_word' id='word_1_85' title='bbox 515 1277 557 1336; x_wconf 46' lang='grc' dir='ltr'>ᾗ</span> <span class='ocrx_word' id='word_1_86' title='bbox 576 1239 619 1304; x_wconf 90' lang='lat' dir='ltr'><strong>ib.</strong></span> <span class='ocrx_word' id='word_1_87' title='bbox 635 1240 656 1304; x_wconf 88' lang='lat'><strong>3</strong></span> <span class='ocrx_word' id='word_1_88' title='bbox 671 1244 763 1322; x_wconf 71' lang='lat' dir='ltr'><strong>‘per’</strong></span> <span class='ocrx_word' id='word_1_89' title='bbox 778 1239 1011 1325; x_wconf 80' lang='lat' dir='ltr'><strong>Baehrensius3</strong></span> <span class='ocrx_word' id='word_1_90' title='bbox 1036 1246 1119 1326; x_wconf 78' lang='lat' dir='ltr'><strong>‘pro’</strong></span> 
     </span>
     <span class='ocr_line' id='line_1_13' title="bbox 155 1323 1162 1410; baseline 0.004 -24"><span class='ocrx_word' id='word_1_91' title='bbox 155 1323 241 1408; x_wconf 85' lang='lat' dir='ltr'><strong>odd,</strong></span> <span class='ocrx_word' id='word_1_92' title='bbox 267 1345 335 1389; x_wconf 91' lang='lat' dir='ltr'><strong>non</strong></span> <span class='ocrx_word' id='word_1_93' title='bbox 363 1325 465 1407; x_wconf 82' lang='lat' dir='ltr'><strong>reete3</strong></span> <span class='ocrx_word' id='word_1_94' title='bbox 503 1345 559 1406; x_wconf 86' lang='lat' dir='ltr'><strong>qur</strong></span> <span class='ocrx_word' id='word_1_95' title='bbox 585 1325 672 1388; x_wconf 90' lang='lat' dir='ltr'><strong>enim</strong></span> <span class='ocrx_word' id='word_1_96' title='bbox 705 1324 905 1410; x_wconf 80' lang='lat' dir='ltr'><strong>indignantis</strong></span> <span class='ocrx_word' id='word_1_97' title='bbox 937 1325 1119 1391; x_wconf 83' lang='lat' dir='ltr'><strong>interiectio</strong></span> <span class='ocrx_word' id='word_1_98' title='bbox 1161 1341 1162 1404; x_wconf 61' lang='lat' dir='ltr'><strong>t</strong></span> 
     </span>
     <span class='ocr_line' id='line_1_14' title="bbox 154 1407 1118 1494; baseline 0.004 -22"><span class='ocrx_word' id='word_1_99' title='bbox 154 1407 230 1473; x_wconf 91' lang='lat' dir='ltr'><strong>huio</strong></span> <span class='ocrx_word' id='word_1_100' title='bbox 256 1407 328 1486; x_wconf 87' lang='lat' dir='ltr'><strong>looo</strong></span> <span class='ocrx_word' id='word_1_101' title='bbox 357 1407 455 1491; x_wconf 78' lang='lat' dir='ltr'><strong>apta?</strong></span> <span class='ocrx_word' id='word_1_102' title='bbox 482 1447 524 1456; x_wconf 92' lang='lat'><em>-</em></span> <span class='ocrx_word' id='word_1_103' title='bbox 552 1408 639 1474; x_wconf 84' lang='lat' dir='ltr'><strong>ib.5</strong></span> <span class='ocrx_word' id='word_1_104' title='bbox 671 1408 857 1494; x_wconf 69' lang='lat' dir='ltr'><strong>‘leguntiir&#39;</strong></span> <span class='ocrx_word' id='word_1_105' title='bbox 892 1409 1118 1494; x_wconf 73' lang='lat' dir='ltr'><strong>Baehrensius</strong></span> 
     </span>
     <span class='ocr_line' id='line_1_15' title="bbox 156 1491 1119 1578; baseline 0.004 -22"><span class='ocrx_word' id='word_1_106' title='bbox 156 1492 341 1578; x_wconf 72' lang='lat' dir='ltr'><strong>‘legantur’</strong></span> <span class='ocrx_word' id='word_1_107' title='bbox 363 1515 393 1558; x_wconf 81' lang='lat' dir='ltr'><strong>v.</strong></span> <span class='ocrx_word' id='word_1_108' title='bbox 429 1491 579 1558; x_wconf 80' lang='lat' dir='ltr'><strong>Ceterum</strong></span> <span class='ocrx_word' id='word_1_109' title='bbox 599 1497 755 1578; x_wconf 90' lang='lat' dir='ltr'><strong>quantum</strong></span> <span class='ocrx_word' id='word_1_110' title='bbox 777 1494 817 1558; x_wconf 87' lang='lat' dir='ltr'><strong>ad</strong></span> <span class='ocrx_word' id='word_1_111' title='bbox 838 1494 1032 1560; x_wconf 82' lang='lat' dir='ltr'><strong>sententiam</strong></span> <span class='ocrx_word' id='word_1_112' title='bbox 1054 1517 1119 1560; x_wconf 91' lang='lat' dir='ltr'><strong>oar-</strong></span> 
     </span>
     <span class='ocr_line' id='line_1_16' title="bbox 154 1577 1162 1666; baseline 0.002 -24"><span class='ocrx_word' id='word_1_113' title='bbox 154 1577 251 1642; x_wconf 85' lang='lat' dir='ltr'><strong>minis</strong></span> <span class='ocrx_word' id='word_1_114' title='bbox 278 1577 472 1644; x_wconf 83' lang='lat' dir='ltr'><strong>eonferenda</strong></span> <span class='ocrx_word' id='word_1_115' title='bbox 498 1577 689 1663; x_wconf 84' lang='lat' dir='ltr'><strong>Hieronymi</strong></span> <span class='ocrx_word' id='word_1_116' title='bbox 717 1579 843 1662; x_wconf 88' lang='lat' dir='ltr'><strong>epistul.</strong></span> <span class='ocrx_word' id='word_1_117' title='bbox 870 1579 912 1643; x_wconf 82' lang='lat'><strong>‘26</strong></span> <span class='ocrx_word' id='word_1_118' title='bbox 938 1579 996 1644; x_wconf 90' lang='lat' dir='ltr'><strong>illa</strong></span> <span class='ocrx_word' id='word_1_119' title='bbox 1029 1581 1118 1664; x_wconf 74' lang='lat' dir='ltr'><strong>‘quis</strong></span> <span class='ocrx_word' id='word_1_120' title='bbox 1161 1619 1162 1666; x_wconf 73' lang='lat'>1</span> 
     </span>
     <span class='ocr_line' id='line_1_17' title="bbox 154 1664 1162 1749; baseline 0.005 -21"><span class='ocrx_word' id='word_1_121' title='bbox 154 1664 386 1748; x_wconf 76' lang='lat' dir='ltr'><strong>parturientem</strong></span> <span class='ocrx_word' id='word_1_122' title='bbox 407 1685 514 1730; x_wconf 86' lang='lat' dir='ltr'><strong>rosam</strong></span> <span class='ocrx_word' id='word_1_123' title='bbox 536 1667 568 1728; x_wconf 88' lang='lat' dir='ltr'><strong>et</strong></span> <span class='ocrx_word' id='word_1_124' title='bbox 588 1664 779 1747; x_wconf 88' lang='lat' dir='ltr'><strong>papillatum</strong></span> <span class='ocrx_word' id='word_1_125' title='bbox 806 1664 1009 1749; x_wconf 78' lang='lat' dir='ltr'><strong>corymbum,</strong></span> <span class='ocrx_word' id='word_1_126' title='bbox 1031 1669 1118 1730; x_wconf 81' lang='lat' dir='ltr'><strong>ante-</strong></span> <span class='ocrx_word' id='word_1_127' title='bbox 1161 1731 1162 1734; x_wconf 73' lang='grc'>,</span> 
     </span>
     <span class='ocr_line' id='line_1_18' title="bbox 154 1747 660 1932; baseline 0.002 -36"><span class='ocrx_word' id='word_1_128' title='bbox 154 1749 309 1898; x_wconf 61' lang='lat' dir='ltr'><strong>trum</strong></span> <span class='ocrx_word' id='word_1_129' title='bbox 327 1748 492 1932; x_wconf 60' lang='lat' dir='ltr'><strong>{uta</strong></span> <span class='ocrx_word' id='word_1_130' title='bbox 505 1747 660 1896; x_wconf 68' lang='lat' dir='ltr'><strong>nau</strong></span> 
     </span>
     <span class='ocr_line' id='line_1_19' title="bbox 645 1873 1162 1920; baseline 0.008 -4"><span class='ocrx_word' id='word_1_131' title='bbox 645 1882 654 1916; x_wconf 76' lang='lat'><em>7</em></span> <span class='ocrx_word' id='word_1_132' title='bbox 978 1878 987 1891; x_wconf 64' lang='lat'>⁸</span> <span class='ocrx_word' id='word_1_133' title='bbox 1107 1873 1117 1882; x_wconf 89' lang='lat'>&#39;</span> <span class='ocrx_word' id='word_1_134' title='bbox 1161 1877 1162 1920; x_wconf 69' lang='lat' dir='ltr'><strong>i</strong></span> 
     </span>
    </p>
   </div>
   <div class='ocr_carea' id='block_1_5' title="bbox 157 1915 734 2001">
    <p class='ocr_par' dir='ltr' id='par_1_5' title="bbox 157 1915 734 2001">
     <span class='ocr_line' id='line_1_20' title="bbox 157 1915 734 2001; baseline 0.002 -21"><span class='ocrx_word' id='word_1_135' title='bbox 157 1918 228 2001; x_wconf 88' lang='lat' dir='ltr'><strong>quis</strong></span> <span class='ocrx_word' id='word_1_136' title='bbox 251 1917 351 1982; x_wconf 86' lang='lat' dir='ltr'><strong>ooulrs</strong></span> <span class='ocrx_word' id='word_1_137' title='bbox 373 1937 566 1982; x_wconf 78' lang='lat' dir='ltr'><strong>marcescere</strong></span> <span class='ocrx_word' id='word_1_138' title='bbox 587 1915 734 1982; x_wconf 79' lang='lat' dir='ltr'><strong>videat?&#39;</strong></span> 
     </span>
    </p>
   </div>
   <div class='ocr_carea' id='block_1_6' title="bbox 628 2017 748 2103">
    <p class='ocr_par' dir='ltr' id='par_1_6' title="bbox 628 2017 748 2103">
     <span class='ocr_line' id='line_1_21' title="bbox 628 2017 645 2054; baseline 0 0"><span class='ocrx_word' id='word_1_139' title='bbox 628 2017 645 2054; x_wconf 61' lang='lat' dir='ltr'><strong>’t‘</strong></span> 
     </span>
     <span class='ocr_line' id='line_1_22' title="bbox 730 2065 748 2103; baseline 0 0"><span class='ocrx_word' id='word_1_140' title='bbox 730 2065 748 2103; x_wconf 64' lang='lat' dir='ltr'><strong>dt</strong></span> 
     </span>
    </p>
   </div>
   <div class='ocr_carea' id='block_1_7' title="bbox 154 2065 1162 3392">
    <p class='ocr_par' dir='ltr' id='par_1_7' title="bbox 154 2065 1162 3392">
     <span class='ocr_line' id='line_1_23' title="bbox 433 2065 712 2167; baseline 0.018 -5"><span class='ocrx_word' id='word_1_141' title='bbox 433 2151 434 2154; x_wconf 14' lang='grc' dir='ltr'>η</span> <span class='ocrx_word' id='word_1_142' title='bbox 525 2065 543 2102; x_wconf 64' lang='lat'>*</span> <span class='ocrx_word' id='word_1_143' title='bbox 561 2101 599 2165; x_wconf 88' lang='lat' dir='ltr'><strong>de</strong></span> <span class='ocrx_word' id='word_1_144' title='bbox 620 2102 712 2167; x_wconf 88' lang='lat' dir='ltr'><strong>rosis.</strong></span> 
     </span>
     <span class='ocr_line' id='line_1_24' title="bbox 157 2184 1005 2274; baseline 0.002 -24"><span class='ocrx_word' id='word_1_145' title='bbox 157 2187 206 2250; x_wconf 90' lang='lat'><strong>11.</strong></span> <span class='ocrx_word' id='word_1_146' title='bbox 242 2184 273 2274; x_wconf 88' lang='lat' dir='ltr'><strong>[a</strong></span> <span class='ocrx_word' id='word_1_147' title='bbox 295 2185 404 2269; x_wconf 88' lang='lat' dir='ltr'><strong>quales</strong></span> <span class='ocrx_word' id='word_1_148' title='bbox 426 2205 486 2270; x_wconf 80' lang='lat' dir='ltr'><strong>ego</strong></span> <span class='ocrx_word' id='word_1_149' title='bbox 508 2207 602 2250; x_wconf 85' lang='lat' dir='ltr'><strong>mane</strong></span> <span class='ocrx_word' id='word_1_150' title='bbox 621 2208 709 2252; x_wconf 82' lang='lat' dir='ltr'><strong>rosas</strong></span> <span class='ocrx_word' id='word_1_151' title='bbox 730 2187 901 2270; x_wconf 79' lang='lat' dir='ltr'><strong>procedere</strong></span> <span class='ocrx_word' id='word_1_152' title='bbox 923 2187 1005 2252; x_wconf 84' lang='lat' dir='ltr'><strong>vidi!</strong></span> 
     </span>
     <span class='ocr_line' id='line_1_25' title="bbox 239 2268 1114 2355; baseline 0.003 -19"><span class='ocrx_word' id='word_1_153' title='bbox 239 2271 454 2336; x_wconf 83' lang='lat' dir='ltr'><strong>nascebantur</strong></span> <span class='ocrx_word' id='word_1_154' title='bbox 468 2268 571 2334; x_wconf 83' lang='lat' dir='ltr'><strong>adhue</strong></span> <span class='ocrx_word' id='word_1_155' title='bbox 582 2293 687 2355; x_wconf 88' lang='lat' dir='ltr'><strong>neque</strong></span> <span class='ocrx_word' id='word_1_156' title='bbox 702 2275 770 2335; x_wconf 86' lang='lat' dir='ltr'><strong>erat</strong></span> <span class='ocrx_word' id='word_1_157' title='bbox 783 2294 843 2355; x_wconf 89' lang='lat' dir='ltr'><strong>par</strong></span> <span class='ocrx_word' id='word_1_158' title='bbox 857 2273 1006 2338; x_wconf 84' lang='lat' dir='ltr'><strong>omnibus</strong></span> <span class='ocrx_word' id='word_1_159' title='bbox 1020 2277 1114 2340; x_wconf 84' lang='lat' dir='ltr'><strong>aetas.</strong></span> 
     </span>
     <span class='ocr_line' id='line_1_26' title="bbox 239 2354 1002 2442; baseline 0.003 -21"><span class='ocrx_word' id='word_1_160' title='bbox 239 2357 344 2440; x_wconf 89' lang='lat' dir='ltr'><strong>prima</strong></span> <span class='ocrx_word' id='word_1_161' title='bbox 363 2354 536 2439; x_wconf 79' lang='lat' dir='ltr'><strong>papillatus</strong></span> <span class='ocrx_word' id='word_1_162' title='bbox 557 2354 693 2421; x_wconf 83' lang='lat' dir='ltr'><strong>ducebat</strong></span> <span class='ocrx_word' id='word_1_163' title='bbox 713 2359 797 2420; x_wconf 86' lang='lat' dir='ltr'><strong>tecta</strong></span> <span class='ocrx_word' id='word_1_164' title='bbox 818 2358 986 2441; x_wconf 78' lang='lat' dir='ltr'><strong>corymbos</strong></span> <span class='ocrx_word' id='word_1_165' title='bbox 992 2407 1002 2442; x_wconf 88' lang='lat'><em>,</em></span> 
     </span>
     <span class='ocr_line' id='line_1_27' title="bbox 240 2440 1162 2526; baseline 0.002 -20"><span class='ocrx_word' id='word_1_166' title='bbox 240 2442 340 2506; x_wconf 73' lang='lat' dir='ltr'><strong>attera</strong></span> <span class='ocrx_word' id='word_1_167' title='bbox 360 2440 514 2524; x_wconf 80' lang='lat' dir='ltr'><strong>puniceos</strong></span> <span class='ocrx_word' id='word_1_168' title='bbox 535 2440 640 2524; x_wconf 86' lang='lat' dir='ltr'><strong>apioes</strong></span> <span class='ocrx_word' id='word_1_169' title='bbox 662 2441 802 2508; x_wconf 88' lang='lat' dir='ltr'><strong>umbone</strong></span> <span class='ocrx_word' id='word_1_170' title='bbox 823 2442 964 2526; x_wconf 85' lang='lat' dir='ltr'><strong>levabat,</strong></span> <span class='ocrx_word' id='word_1_171' title='bbox 1161 2491 1162 2508; x_wconf 37' lang='lat' dir='ltr'><strong>t</strong></span> 
     </span>
     <span class='ocr_line' id='line_1_28' title="bbox 197 2525 1162 2612; baseline 0.004 -23"><span class='ocrx_word' id='word_1_172' title='bbox 197 2539 213 2588; x_wconf 74' lang='grc' dir='ltr'>ὁ</span> <span class='ocrx_word' id='word_1_173' title='bbox 238 2526 334 2590; x_wconf 87' lang='lat' dir='ltr'><strong>tertia</strong></span> <span class='ocrx_word' id='word_1_174' title='bbox 355 2526 421 2590; x_wconf 90' lang='lat' dir='ltr'><strong>iam</strong></span> <span class='ocrx_word' id='word_1_175' title='bbox 442 2528 548 2590; x_wconf 85' lang='lat' dir='ltr'><strong>totum</strong></span> <span class='ocrx_word' id='word_1_176' title='bbox 569 2525 687 2590; x_wconf 80' lang='lat' dir='ltr'><strong>oaiathi</strong></span> <span class='ocrx_word' id='word_1_177' title='bbox 708 2527 903 2610; x_wconf 85' lang='lat' dir='ltr'><strong>patefecerat</strong></span> <span class='ocrx_word' id='word_1_178' title='bbox 924 2527 1048 2612; x_wconf 88' lang='lat' dir='ltr'><strong>orbem,</strong></span> <span class='ocrx_word' id='word_1_179' title='bbox 1161 2535 1162 2612; x_wconf 67' lang='lat' dir='ltr'><strong>t</strong></span> 
     </span>
     <span class='ocr_line' id='line_1_29' title="bbox 262 2609 1162 2696; baseline 0.002 -21"><span class='ocrx_word' id='word_1_180' title='bbox 262 2614 355 2675; x_wconf 84' lang='lat' dir='ltr'><strong>uarta</strong></span> <span class='ocrx_word' id='word_1_181' title='bbox 378 2609 473 2674; x_wconf 90' lang='lat' dir='ltr'><strong>simul</strong></span> <span class='ocrx_word' id='word_1_182' title='bbox 494 2611 593 2675; x_wconf 84' lang='lat' dir='ltr'><strong>nituit</strong></span> <span class='ocrx_word' id='word_1_183' title='bbox 614 2610 726 2675; x_wconf 87' lang='lat' dir='ltr'><strong>nudati</strong></span> <span class='ocrx_word' id='word_1_184' title='bbox 748 2611 891 2696; x_wconf 86' lang='lat' dir='ltr'><strong>germine</strong></span> <span class='ocrx_word' id='word_1_185' title='bbox 913 2611 1011 2676; x_wconf 79' lang='lat' dir='ltr'><strong>floris,</strong></span> <span class='ocrx_word' id='word_1_186' title='bbox 1161 2613 1162 2644; x_wconf 30' lang='lat' dir='ltr'><strong>i</strong></span> 
     </span>
     <span class='ocr_line' id='line_1_30' title="bbox 239 2633 1114 2843; baseline 0.004 -85"><span class='ocrx_word' id='word_1_187' title='bbox 239 2633 315 2759; x_wconf 84' lang='lat' dir='ltr'><strong>dnm</strong></span> <span class='ocrx_word' id='word_1_188' title='bbox 343 2694 430 2759; x_wconf 77' lang='lat' dir='ltr'><strong>levat</strong></span> <span class='ocrx_word' id='word_1_189' title='bbox 455 2716 521 2758; x_wconf 85' lang='lat' dir='ltr'><strong>una</strong></span> <span class='ocrx_word' id='word_1_190' title='bbox 547 2700 644 2778; x_wconf 87' lang='lat' dir='ltr'><strong>eaput</strong></span> <span class='ocrx_word' id='word_1_191' title='bbox 677 2694 828 2843; x_wconf 60' lang='lat' dir='ltr'><strong>dumquei</strong></span> <span class='ocrx_word' id='word_1_192' title='bbox 848 2696 985 2778; x_wconf 84' lang='lat' dir='ltr'><strong>explieat</strong></span> <span class='ocrx_word' id='word_1_193' title='bbox 1018 2697 1114 2762; x_wconf 78' lang='lat' dir='ltr'><strong>attera</strong></span> 
     </span>
     <span class='ocr_line' id='line_1_31' title="bbox 400 2799 1162 2850; baseline 0.003 -7"><span class='ocrx_word' id='word_1_194' title='bbox 400 2803 411 2821; x_wconf 69' lang='lat'>⁰</span> <span class='ocrx_word' id='word_1_195' title='bbox 462 2799 466 2810; x_wconf 66' lang='lat'>⁸</span> <span class='ocrx_word' id='word_1_196' title='bbox 540 2809 545 2832; x_wconf 65' lang='lat'><strong>²</strong></span> <span class='ocrx_word' id='word_1_197' title='bbox 762 2802 805 2844; x_wconf 80' lang='grc' dir='ltr'><strong>ΠΟ</strong></span> <span class='ocrx_word' id='word_1_198' title='bbox 828 2801 883 2844; x_wconf 83' lang='lat' dir='ltr'><strong>Um</strong></span> <span class='ocrx_word' id='word_1_199' title='bbox 1161 2823 1162 2850; x_wconf 59' lang='lat' dir='ltr'><strong>i</strong></span> 
     </span>
     <span class='ocr_line' id='line_1_32' title="bbox 240 2781 1162 2949; baseline 0.003 -22"><span class='ocrx_word' id='word_1_200' title='bbox 240 2865 300 2948; x_wconf 86' lang='lat' dir='ltr'><strong>sie,</strong></span> <span class='ocrx_word' id='word_1_201' title='bbox 322 2781 398 2928; x_wconf 57' lang='lat' dir='ltr'><strong>dud</strong></span> <span class='ocrx_word' id='word_1_202' title='bbox 419 2863 583 2947; x_wconf 84' lang='lat' dir='ltr'><strong>virgineus</strong></span> <span class='ocrx_word' id='word_1_203' title='bbox 605 2864 709 2947; x_wconf 92' lang='lat' dir='ltr'><strong>pudor</strong></span> <span class='ocrx_word' id='word_1_204' title='bbox 729 2827 900 2928; x_wconf 74' lang='lat' dir='ltr'><strong>exinuatui</strong></span> <span class='ocrx_word' id='word_1_205' title='bbox 921 2865 1052 2949; x_wconf 78' lang='lat' dir='ltr'><strong>amictu,</strong></span> <span class='ocrx_word' id='word_1_206' title='bbox 1161 2859 1162 2916; x_wconf 69' lang='lat' dir='ltr'><strong>i</strong></span> 
     </span>
     <span class='ocr_line' id='line_1_33' title="bbox 154 2947 1110 3038; baseline 0.004 -26"><span class='ocrx_word' id='word_1_207' title='bbox 154 2947 166 3025; x_wconf 43' lang='grc' dir='ltr'><strong>ξ’</strong></span> <span class='ocrx_word' id='word_1_208' title='bbox 238 2969 280 3013; x_wconf 88' lang='lat' dir='ltr'><strong>ne</strong></span> <span class='ocrx_word' id='word_1_209' title='bbox 294 2952 429 3031; x_wconf 83' lang='lat' dir='ltr'><strong>pereant</strong></span> <span class='ocrx_word' id='word_1_210' title='bbox 442 2947 513 3032; x_wconf 85' lang='lat' dir='ltr'><strong>lege</strong></span> <span class='ocrx_word' id='word_1_211' title='bbox 527 2968 620 3010; x_wconf 89' lang='lat' dir='ltr'><strong>mane</strong></span> <span class='ocrx_word' id='word_1_212' title='bbox 640 2970 743 3014; x_wconf 86' lang='lat' dir='ltr'><strong>rosas:</strong></span> <span class='ocrx_word' id='word_1_213' title='bbox 766 2948 830 3012; x_wconf 83' lang='lat' dir='ltr'><strong>cito</strong></span> <span class='ocrx_word' id='word_1_214' title='bbox 845 2947 937 3034; x_wconf 82' lang='lat' dir='ltr'><strong>virgo</strong></span> <span class='ocrx_word' id='word_1_215' title='bbox 958 2951 1110 3038; x_wconf 82' lang='lat' dir='ltr'><strong>senescit]</strong></span> 
     </span>
     <span class='ocr_line' id='line_1_34' title="bbox 217 3039 1162 3133; baseline 0.004 -21"><span class='ocrx_word' id='word_1_216' title='bbox 217 3047 258 3112; x_wconf 87' lang='lat' dir='ltr'><strong>V.</strong></span> <span class='ocrx_word' id='word_1_217' title='bbox 276 3050 293 3112; x_wconf 89' lang='lat'>1</span> <span class='ocrx_word' id='word_1_218' title='bbox 316 3054 369 3112; x_wconf 75' lang='lat' dir='ltr'><strong>‘a&#39;</strong></span> <span class='ocrx_word' id='word_1_219' title='bbox 385 3048 456 3114; x_wconf 90' lang='lat' dir='ltr'><strong>add.</strong></span> <span class='ocrx_word' id='word_1_220' title='bbox 471 3047 695 3133; x_wconf 84' lang='lat' dir='ltr'><strong>Baehrensius‚</strong></span> <span class='ocrx_word' id='word_1_221' title='bbox 711 3047 751 3112; x_wconf 88' lang='lat' dir='ltr'><strong>al.</strong></span> <span class='ocrx_word' id='word_1_222' title='bbox 766 3049 832 3112; x_wconf 76' lang='lat' dir='ltr'><strong>‘o’.</strong></span> <span class='ocrx_word' id='word_1_223' title='bbox 847 3087 889 3098; x_wconf 89' lang='lat'><em>-</em></span> <span class='ocrx_word' id='word_1_224' title='bbox 902 3051 945 3115; x_wconf 93' lang='lat' dir='ltr'><strong>ib.</strong></span> <span class='ocrx_word' id='word_1_225' title='bbox 961 3051 982 3116; x_wconf 89' lang='grc'>3</span> <span class='ocrx_word' id='word_1_226' title='bbox 997 3055 1109 3116; x_wconf 71' lang='lat' dir='ltr'><strong>‘teota’</strong></span> <span class='ocrx_word' id='word_1_227' title='bbox 1161 3039 1162 3104; x_wconf 68' lang='lat' dir='ltr'><strong>i</strong></span> 
     </span>
     <span class='ocr_line' id='line_1_35' title="bbox 156 3130 1162 3220; baseline 0.006 -24"><span class='ocrx_word' id='word_1_228' title='bbox 156 3130 226 3196; x_wconf 89' lang='lat' dir='ltr'><strong>add.</strong></span> <span class='ocrx_word' id='word_1_229' title='bbox 250 3130 504 3217; x_wconf 81' lang='lat' dir='ltr'><strong>Oudendorpius</strong></span> <span class='ocrx_word' id='word_1_230' title='bbox 526 3169 569 3180; x_wconf 87' lang='lat'>-</span> <span class='ocrx_word' id='word_1_231' title='bbox 595 3132 638 3196; x_wconf 91' lang='lat' dir='ltr'><strong>ib.</strong></span> <span class='ocrx_word' id='word_1_232' title='bbox 660 3133 682 3198; x_wconf 84' lang='lat'>5</span> <span class='ocrx_word' id='word_1_233' title='bbox 704 3133 817 3198; x_wconf 75' lang='lat' dir='ltr'><strong>‘tertia</strong></span> <span class='ocrx_word' id='word_1_234' title='bbox 837 3134 920 3198; x_wconf 87' lang='lat' dir='ltr'><strong>iam&#39;</strong></span> <span class='ocrx_word' id='word_1_235' title='bbox 943 3156 1014 3220; x_wconf 87' lang='lat' dir='ltr'><strong>ego,</strong></span> <span class='ocrx_word' id='word_1_236' title='bbox 1034 3137 1066 3200; x_wconf 91' lang='lat' dir='ltr'><strong>in</strong></span> <span class='ocrx_word' id='word_1_237' title='bbox 1088 3136 1109 3202; x_wconf 81' lang='lat' dir='ltr'>S</span> <span class='ocrx_word' id='word_1_238' title='bbox 1161 3131 1162 3220; x_wconf 64' lang='lat' dir='ltr'><strong>t</strong></span> 
     </span>
     <span class='ocr_line' id='line_1_36' title="bbox 154 3217 1109 3304; baseline 0.006 -24"><span class='ocrx_word' id='word_1_239' title='bbox 154 3221 262 3281; x_wconf 90' lang='lat' dir='ltr'><strong>utrum</strong></span> <span class='ocrx_word' id='word_1_240' title='bbox 285 3217 447 3282; x_wconf 72' lang='lat' dir='ltr'><strong>‘tertiam&#39;</strong></span> <span class='ocrx_word' id='word_1_241' title='bbox 471 3240 514 3284; x_wconf 91' lang='lat' dir='ltr'><strong>an</strong></span> <span class='ocrx_word' id='word_1_242' title='bbox 536 3217 681 3281; x_wconf 71' lang='lat' dir='ltr'><strong>‘tertiam</strong></span> <span class='ocrx_word' id='word_1_243' title='bbox 695 3225 779 3284; x_wconf 91' lang='lat' dir='ltr'><strong>non&#39;</strong></span> <span class='ocrx_word' id='word_1_244' title='bbox 801 3218 927 3304; x_wconf 78' lang='lat' dir='ltr'><strong>legatm</strong></span> <span class='ocrx_word' id='word_1_245' title='bbox 948 3223 1109 3286; x_wconf 86' lang='lat' dir='ltr'><strong>nonsatis</strong></span> 
     </span>
     <span class='ocr_line' id='line_1_37' title="bbox 154 3299 1162 3392; baseline 0.004 -26"><span class='ocrx_word' id='word_1_246' title='bbox 154 3307 288 3386; x_wconf 87' lang='lat' dir='ltr'><strong>apparet</strong></span> <span class='ocrx_word' id='word_1_247' title='bbox 314 3325 353 3366; x_wconf 87' lang='lat' dir='ltr'><strong>ex</strong></span> <span class='ocrx_word' id='word_1_248' title='bbox 380 3300 588 3368; x_wconf 84' lang='lat' dir='ltr'><strong>adnotatione</strong></span> <span class='ocrx_word' id='word_1_249' title='bbox 615 3299 725 3368; x_wconf 85' lang='lat' dir='ltr'><strong>Riesii.</strong></span> <span class='ocrx_word' id='word_1_250' title='bbox 769 3301 831 3367; x_wconf 80' lang='lat' dir='ltr'><strong>Sed</strong></span> <span class='ocrx_word' id='word_1_251' title='bbox 861 3305 938 3388; x_wconf 90' lang='lat' dir='ltr'><strong>quid</strong></span> <span class='ocrx_word' id='word_1_252' title='bbox 958 3327 1108 3388; x_wconf 87' lang='lat' dir='ltr'><strong>reponen-</strong></span> <span class='ocrx_word' id='word_1_253' title='bbox 1161 3377 1162 3392; x_wconf 12' lang='grc' dir='ltr'>χ</span> 
     </span>
    </p>
   </div>
   <div class='ocr_carea' id='block_1_8' title="bbox 154 3387 1162 3557">
    <p class='ocr_par' dir='ltr' id='par_1_8' title="bbox 154 3387 1162 3557">
     <span class='ocr_line' id='line_1_38' title="bbox 155 3387 1108 3470; baseline 0.003 -19"><span class='ocrx_word' id='word_1_254' title='bbox 155 3387 231 3453; x_wconf 89' lang='lat' dir='ltr'><strong>dum</strong></span> <span class='ocrx_word' id='word_1_255' title='bbox 253 3388 295 3454; x_wconf 90' lang='lat' dir='ltr'><strong>sit</strong></span> <span class='ocrx_word' id='word_1_256' title='bbox 316 3387 443 3470; x_wconf 86' lang='lat' dir='ltr'><strong>utique,</strong></span> <span class='ocrx_word' id='word_1_257' title='bbox 470 3388 626 3469; x_wconf 88' lang='lat' dir='ltr'><strong>probatur</strong></span> <span class='ocrx_word' id='word_1_258' title='bbox 647 3407 673 3450; x_wconf 84' lang='lat' dir='ltr'><strong>e.</strong></span> <span class='ocrx_word' id='word_1_259' title='bbox 699 3387 739 3450; x_wconf 89' lang='lat'><strong>10</strong></span> <span class='ocrx_word' id='word_1_260' title='bbox 759 3408 789 3450; x_wconf 89' lang='lat' dir='ltr'><strong>v.</strong></span> <span class='ocrx_word' id='word_1_261' title='bbox 812 3388 842 3452; x_wconf 87' lang='lat'><strong>4.</strong></span> <span class='ocrx_word' id='word_1_262' title='bbox 864 3426 907 3435; x_wconf 91' lang='lat'><em>-</em></span> <span class='ocrx_word' id='word_1_263' title='bbox 928 3389 973 3452; x_wconf 92' lang='lat' dir='ltr'><strong>ib.</strong></span> <span class='ocrx_word' id='word_1_264' title='bbox 997 3389 1016 3452; x_wconf 90' lang='lat'>6</span> <span class='ocrx_word' id='word_1_265' title='bbox 1037 3393 1108 3454; x_wconf 75' lang='lat' dir='ltr'><strong>‘nu-</strong></span> 
     </span>
     <span class='ocr_line' id='line_1_39' title="bbox 154 3468 1162 3557; baseline 0 -18"><span class='ocrx_word' id='word_1_266' title='bbox 154 3472 240 3539; x_wconf 81' lang='lat' dir='ltr'><strong>dati&#39;</strong></span> <span class='ocrx_word' id='word_1_267' title='bbox 264 3471 355 3557; x_wconf 86' lang='lat' dir='ltr'><strong>Oud,</strong></span> <span class='ocrx_word' id='word_1_268' title='bbox 377 3472 535 3535; x_wconf 73' lang='lat' dir='ltr'><strong>‘mutato’</strong></span> <span class='ocrx_word' id='word_1_269' title='bbox 557 3468 594 3553; x_wconf 65' lang='grc' dir='ltr'><strong>ὃς</strong></span> <span class='ocrx_word' id='word_1_270' title='bbox 617 3469 657 3533; x_wconf 83' lang='lat' dir='ltr'><strong>of.</strong></span> <span class='ocrx_word' id='word_1_271' title='bbox 680 3468 768 3552; x_wconf 89' lang='lat' dir='ltr'><strong>idyll.</strong></span> <span class='ocrx_word' id='word_1_272' title='bbox 792 3469 831 3535; x_wconf 87' lang='lat' dir='ltr'><strong>de</strong></span> <span class='ocrx_word' id='word_1_273' title='bbox 852 3493 925 3535; x_wconf 89' lang='lat' dir='ltr'><strong>rosa</strong></span> <span class='ocrx_word' id='word_1_274' title='bbox 947 3493 997 3537; x_wconf 85' lang='lat' dir='ltr'><strong>vv.</strong></span> <span class='ocrx_word' id='word_1_275' title='bbox 1012 3471 1059 3557; x_wconf 82' lang='lat'><strong>23,</strong></span> <span class='ocrx_word' id='word_1_276' title='bbox 1078 3476 1107 3540; x_wconf 89' lang='grc'><strong>4.</strong></span> <span class='ocrx_word' id='word_1_277' title='bbox 1161 3503 1162 3518; x_wconf 54' lang='lat'>¹</span> 
     </span>
    </p>
   </div>
   <div class='ocr_carea' id='block_1_9' title="bbox 0 0 1182 3886">
    <p class='ocr_par' dir='ltr' id='par_1_9' title="bbox 0 0 1182 3886">
     <span class='ocr_line' id='line_1_40' title="bbox 0 0 1182 3886; baseline 0 0"><span class='ocrx_word' id='word_1_278' title='bbox 0 0 1182 3886; x_wconf 95' lang='lat' dir='ltr'><strong> </strong></span> 
     </span>
    </p>
   </div>
  </div>
 </body>
</html>
