<?xml version="1.0" encoding="UTF-8"?>
<!DOCTYPE html PUBLIC "-//W3C//DTD XHTML 1.0 Transitional//EN"
    "http://www.w3.org/TR/xhtml1/DTD/xhtml1-transitional.dtd">
<html xmlns="http://www.w3.org/1999/xhtml" xml:lang="en" lang="en">
 <head>
  <title>
</title>
<meta http-equiv="Content-Type" content="text/html;charset=utf-8" />
  <meta name='ocr-system' content='tesseract 3.04.00' />
  <meta name='ocr-capabilities' content='ocr_page ocr_carea ocr_par ocr_line ocrx_word'/>
</head>
<body>
  <div class='ocr_page' id='page_1' title='image "./claudiirutiliin01hadrgoog_0071.png"; bbox 0 0 2356 3886; ppageno 0'>
   <div class='ocr_carea' id='block_1_1' title="bbox 566 135 707 240">
    <p class='ocr_par' dir='ltr' id='par_1_1' title="bbox 566 135 707 240">
     <span class='ocr_line' id='line_1_1' title="bbox 566 135 707 240; baseline 0.007 -2"><span class='ocrx_word' id='word_1_1' title='bbox 566 135 707 240; x_wconf 58' lang='lat' dir='ltr'>Avlrvsl</span> 
     </span>
    </p>
   </div>
   <div class='ocr_carea' id='block_1_2' title="bbox 360 346 913 838">
    <p class='ocr_par' dir='ltr' id='par_1_2' title="bbox 360 346 913 516">
     <span class='ocr_line' id='line_1_2' title="bbox 360 346 913 432; baseline 0 -21"><span class='ocrx_word' id='word_1_2' title='bbox 360 348 548 432; x_wconf 87' lang='lat' dir='ltr'>plerumque</span> <span class='ocrx_word' id='word_1_3' title='bbox 569 369 629 412; x_wconf 89' lang='lat' dir='ltr'>neo</span> <span class='ocrx_word' id='word_1_4' title='bbox 651 369 779 412; x_wconf 87' lang='lat' dir='ltr'>carmen</span> <span class='ocrx_word' id='word_1_5' title='bbox 801 346 913 430; x_wconf 80' lang='lat' dir='ltr'>modo,</span> 
     </span>
     <span class='ocr_line' id='line_1_3' title="bbox 361 432 811 516; baseline -0.004 -19"><span class='ocrx_word' id='word_1_6' title='bbox 361 433 416 497; x_wconf 89' lang='lat' dir='ltr'>sed</span> <span class='ocrx_word' id='word_1_7' title='bbox 438 436 470 496; x_wconf 90' lang='lat' dir='ltr'>et</span> <span class='ocrx_word' id='word_1_8' title='bbox 491 433 643 497; x_wconf 89' lang='lat' dir='ltr'>volumen</span> <span class='ocrx_word' id='word_1_9' title='bbox 665 432 811 516; x_wconf 84' lang='lat' dir='ltr'>explicat.</span> 
     </span>
    </p>

    <p class='ocr_par' dir='ltr' id='par_1_3' title="bbox 360 517 840 687">
     <span class='ocr_line' id='line_1_4' title="bbox 361 517 840 600; baseline -0.002 -19"><span class='ocrx_word' id='word_1_10' title='bbox 361 522 399 581; x_wconf 90' lang='lat' dir='ltr'>ut</span> <span class='ocrx_word' id='word_1_11' title='bbox 418 517 542 600; x_wconf 88' lang='lat' dir='ltr'>pridem</span> <span class='ocrx_word' id='word_1_12' title='bbox 564 518 680 582; x_wconf 83' lang='lat' dir='ltr'>Avitus</span> <span class='ocrx_word' id='word_1_13' title='bbox 703 517 840 600; x_wconf 89' lang='lat' dir='ltr'>Alphius</span> 
     </span>
     <span class='ocr_line' id='line_1_5' title="bbox 360 601 763 687; baseline -0.005 -20"><span class='ocrx_word' id='word_1_14' title='bbox 360 603 460 667; x_wconf 91' lang='lat' dir='ltr'>libros</span> <span class='ocrx_word' id='word_1_15' title='bbox 482 606 578 686; x_wconf 91' lang='lat' dir='ltr'>poeta</span> <span class='ocrx_word' id='word_1_16' title='bbox 600 601 763 687; x_wconf 89' lang='lat' dir='ltr'>plusculos</span> 
     </span>
    </p>

    <p class='ocr_par' dir='ltr' id='par_1_4' title="bbox 360 687 788 838">
     <span class='ocr_line' id='line_1_6' title="bbox 360 687 740 771; baseline -0.003 -20"><span class='ocrx_word' id='word_1_17' title='bbox 360 710 436 752; x_wconf 88' lang='lat' dir='ltr'>usus</span> <span class='ocrx_word' id='word_1_18' title='bbox 458 687 594 751; x_wconf 90' lang='lat' dir='ltr'>dimetro</span> <span class='ocrx_word' id='word_1_19' title='bbox 615 687 740 771; x_wconf 86' lang='lat' dir='ltr'>perpeti</span> 
     </span>
     <span class='ocr_line' id='line_1_7' title="bbox 362 770 788 838; baseline -0.007 -1"><span class='ocrx_word' id='word_1_20' title='bbox 362 772 535 838; x_wconf 77' lang='lat' dir='ltr'><strong>conscribit</strong></span> <span class='ocrx_word' id='word_1_21' title='bbox 556 770 788 836; x_wconf 85' lang='lat' dir='ltr'>excellentium.</span> 
     </span>
    </p>
   </div>
   <div class='ocr_carea' id='block_1_3' title="bbox 555 922 726 976">
    <p class='ocr_par' dir='ltr' id='par_1_5' title="bbox 555 922 726 976">
     <span class='ocr_line' id='line_1_8' title="bbox 555 922 726 976; baseline 0.006 -1"><span class='ocrx_word' id='word_1_22' title='bbox 555 922 597 975; x_wconf 86' lang='lat' dir='ltr'>Ex</span> <span class='ocrx_word' id='word_1_23' title='bbox 614 922 686 976; x_wconf 86' lang='lat' dir='ltr'>libro</span> <span class='ocrx_word' id='word_1_24' title='bbox 704 923 726 976; x_wconf 92' lang='grc' dir='ltr'>Ι.</span> 
     </span>
    </p>
   </div>
   <div class='ocr_carea' id='block_1_4' title="bbox 160 1021 912 1278">
    <p class='ocr_par' dir='ltr' id='par_1_6' title="bbox 160 1021 912 1278">
     <span class='ocr_line' id='line_1_9' title="bbox 160 1021 820 1109; baseline -0.009 -17"><span class='ocrx_word' id='word_1_25' title='bbox 160 1030 187 1092; x_wconf 93' lang='grc'><strong>1.</strong></span> <span class='ocrx_word' id='word_1_26' title='bbox 359 1026 487 1109; x_wconf 85' lang='lat' dir='ltr'>marite,</span> <span class='ocrx_word' id='word_1_27' title='bbox 510 1025 537 1089; x_wconf 90' lang='lat' dir='ltr'>si</span> <span class='ocrx_word' id='word_1_28' title='bbox 559 1023 689 1109; x_wconf 86' lang='lat' dir='ltr'>sanguis</span> <span class='ocrx_word' id='word_1_29' title='bbox 712 1021 820 1106; x_wconf 81' lang='lat' dir='ltr'>Curis,</span> 
     </span>
     <span class='ocr_line' id='line_1_10' title="bbox 295 1108 801 1192; baseline -0.006 -18"><span class='ocrx_word' id='word_1_30' title='bbox 295 1185 297 1192; x_wconf 29' lang='grc' dir='ltr'>Ι</span> <span class='ocrx_word' id='word_1_31' title='bbox 361 1109 480 1175; x_wconf 85' lang='lat' dir='ltr'>Sabina</span> <span class='ocrx_word' id='word_1_32' title='bbox 501 1110 528 1173; x_wconf 78' lang='lat' dir='ltr'>si</span> <span class='ocrx_word' id='word_1_33' title='bbox 550 1108 661 1174; x_wconf 87' lang='lat' dir='ltr'>caedes</span> <span class='ocrx_word' id='word_1_34' title='bbox 682 1108 801 1192; x_wconf 85' lang='lat' dir='ltr'>placet,</span> 
     </span>
     <span class='ocr_line' id='line_1_11' title="bbox 360 1196 912 1278; baseline -0.004 -20"><span class='ocrx_word' id='word_1_35' title='bbox 360 1196 394 1258; x_wconf 90' lang='lat' dir='ltr'>in</span> <span class='ocrx_word' id='word_1_36' title='bbox 416 1215 481 1278; x_wconf 83' lang='lat' dir='ltr'>me,</span> <span class='ocrx_word' id='word_1_37' title='bbox 505 1215 576 1277; x_wconf 85' lang='lat' dir='ltr'>ore,</span> <span class='ocrx_word' id='word_1_38' title='bbox 599 1197 766 1259; x_wconf 85' lang='lat' dir='ltr'>convertas</span> <span class='ocrx_word' id='word_1_39' title='bbox 787 1213 912 1257; x_wconf 90' lang='lat' dir='ltr'>manus.</span> 
     </span>
    </p>
   </div>
   <div class='ocr_carea' id='block_1_5' title="bbox 224 1276 1131 1364">
    <p class='ocr_par' dir='ltr' id='par_1_7' title="bbox 224 1276 1131 1364">
     <span class='ocr_line' id='line_1_12' title="bbox 224 1276 1131 1364; baseline 0 -20"><span class='ocrx_word' id='word_1_40' title='bbox 224 1280 322 1363; x_wconf 89' lang='lat' dir='ltr'>Apud</span> <span class='ocrx_word' id='word_1_41' title='bbox 336 1279 537 1343; x_wconf 88' lang='lat' dir='ltr'>Priscianum</span> <span class='ocrx_word' id='word_1_42' title='bbox 581 1299 612 1364; x_wconf 83' lang='lat' dir='ltr'>g.</span> <span class='ocrx_word' id='word_1_43' title='bbox 629 1279 690 1344; x_wconf 84' lang='lat'>633</span> <span class='ocrx_word' id='word_1_44' title='bbox 713 1280 788 1362; x_wconf 87' lang='lat' dir='ltr'>post</span> <span class='ocrx_word' id='word_1_45' title='bbox 808 1276 865 1341; x_wconf 92' lang='lat' dir='ltr'>illa</span> <span class='ocrx_word' id='word_1_46' title='bbox 887 1282 985 1341; x_wconf 72' lang='lat' dir='ltr'>‘nunc</span> <span class='ocrx_word' id='word_1_47' title='bbox 1008 1277 1046 1342; x_wconf 93' lang='lat' dir='ltr'>in</span> <span class='ocrx_word' id='word_1_48' title='bbox 1069 1302 1131 1344; x_wconf 87' lang='lat' dir='ltr'>usu</span> 
     </span>
    </p>
   </div>
   <div class='ocr_carea' id='block_1_6' title="bbox 159 1301 1129 1513">
    <p class='ocr_par' dir='ltr' id='par_1_8' title="bbox 159 1301 1129 1513">
     <span class='ocr_line' id='line_1_13' title="bbox 159 1301 1129 1513; baseline -0.003 -82"><span class='ocrx_word' id='word_1_49' title='bbox 159 1387 228 1431; x_wconf 91' lang='lat' dir='ltr'>non</span> <span class='ocrx_word' id='word_1_50' title='bbox 250 1368 336 1428; x_wconf 88' lang='lat' dir='ltr'>sunt&#39;</span> <span class='ocrx_word' id='word_1_51' title='bbox 360 1363 490 1447; x_wconf 91' lang='lat' dir='ltr'>quidam</span> <span class='ocrx_word' id='word_1_52' title='bbox 511 1301 580 1429; x_wconf 77' lang='lat' dir='ltr'>cdd.</span> <span class='ocrx_word' id='word_1_53' title='bbox 602 1364 681 1428; x_wconf 87' lang='lat' dir='ltr'>haee</span> <span class='ocrx_word' id='word_1_54' title='bbox 703 1361 838 1426; x_wconf 89' lang='lat' dir='ltr'>addunt:</span> <span class='ocrx_word' id='word_1_55' title='bbox 861 1362 1008 1446; x_wconf 88' lang='lat' dir='ltr'>Alpheus</span> <span class='ocrx_word' id='word_1_56' title='bbox 1029 1364 1129 1513; x_wconf 51' lang='lat' dir='ltr'>gom.</span> 
     </span>
    </p>
   </div>
   <div class='ocr_carea' id='block_1_7' title="bbox 160 1447 1129 1535">
    <p class='ocr_par' dir='ltr' id='par_1_9' title="bbox 160 1447 1129 1535">
     <span class='ocr_line' id='line_1_14' title="bbox 160 1447 1129 1535; baseline -0.001 -21"><span class='ocrx_word' id='word_1_57' title='bbox 160 1448 361 1535; x_wconf 84' lang='lat' dir='ltr'>Bondamus)</span> <span class='ocrx_word' id='word_1_58' title='bbox 389 1453 498 1513; x_wconf 90' lang='lat' dir='ltr'>tamen</span> <span class='ocrx_word' id='word_1_59' title='bbox 525 1448 642 1513; x_wconf 84' lang='lat' dir='ltr'>Avitus</span> <span class='ocrx_word' id='word_1_60' title='bbox 670 1449 705 1512; x_wconf 92' lang='lat' dir='ltr'>in</span> <span class='ocrx_word' id='word_1_61' title='bbox 732 1447 749 1511; x_wconf 95' lang='lat' dir='ltr'>I</span> <span class='ocrx_word' id='word_1_62' title='bbox 777 1447 1002 1512; x_wconf 86' lang='lat' dir='ltr'>excellentium</span> <span class='ocrx_word' id='word_1_63' title='bbox 1062 1452 1129 1513; x_wconf 87' lang='lat' dir='ltr'>uris</span> 
     </span>
    </p>
   </div>
   <div class='ocr_carea' id='block_1_8' title="bbox 156 1532 483 1619">
    <p class='ocr_par' dir='ltr' id='par_1_10' title="bbox 156 1532 483 1619">
     <span class='ocr_line' id='line_1_15' title="bbox 156 1532 483 1619; baseline -0.012 -18"><span class='ocrx_word' id='word_1_64' title='bbox 156 1536 265 1619; x_wconf 88' lang='lat' dir='ltr'>posuit</span> <span class='ocrx_word' id='word_1_65' title='bbox 285 1556 344 1619; x_wconf 91' lang='lat' dir='ltr'>pro</span> <span class='ocrx_word' id='word_1_66' title='bbox 367 1532 483 1610; x_wconf 80' lang='lat' dir='ltr'>Quiris.</span> 
     </span>
    </p>
   </div>
   <div class='ocr_carea' id='block_1_9' title="bbox 546 1684 732 1740">
    <p class='ocr_par' dir='ltr' id='par_1_11' title="bbox 546 1684 732 1740">
     <span class='ocr_line' id='line_1_16' title="bbox 546 1684 732 1740; baseline 0.005 -2"><span class='ocrx_word' id='word_1_67' title='bbox 546 1685 587 1738; x_wconf 86' lang='lat' dir='ltr'>Ex</span> <span class='ocrx_word' id='word_1_68' title='bbox 605 1685 677 1738; x_wconf 88' lang='lat' dir='ltr'>libro</span> <span class='ocrx_word' id='word_1_69' title='bbox 696 1684 732 1740; x_wconf 93' lang='lat' dir='ltr'>Il.</span> 
     </span>
    </p>
   </div>
   <div class='ocr_carea' id='block_1_10' title="bbox 157 1785 1132 3557">
    <p class='ocr_par' dir='ltr' id='par_1_12' title="bbox 157 1785 829 2272">
     <span class='ocr_line' id='line_1_17' title="bbox 157 1785 767 1855; baseline -0.008 -1"><span class='ocrx_word' id='word_1_70' title='bbox 157 1792 187 1855; x_wconf 81' lang='lat'>2.</span> <span class='ocrx_word' id='word_1_71' title='bbox 359 1792 429 1854; x_wconf 91' lang='lat' dir='ltr'>tum</span> <span class='ocrx_word' id='word_1_72' title='bbox 450 1788 610 1852; x_wconf 71' lang='lat' dir='ltr'>litterator</span> <span class='ocrx_word' id='word_1_73' title='bbox 631 1785 767 1850; x_wconf 85' lang='lat' dir='ltr'>creditos</span> 
     </span>
     <span class='ocr_line' id='line_1_18' title="bbox 360 1871 759 1937; baseline -0.005 -1"><span class='ocrx_word' id='word_1_74' title='bbox 360 1873 435 1937; x_wconf 93' lang='lat' dir='ltr'>ludo</span> <span class='ocrx_word' id='word_1_75' title='bbox 458 1871 619 1936; x_wconf 81' lang='lat' dir='ltr'>Faliscum</span> <span class='ocrx_word' id='word_1_76' title='bbox 640 1871 759 1934; x_wconf 90' lang='lat' dir='ltr'>liberos</span> 
     </span>
     <span class='ocr_line' id='line_1_19' title="bbox 361 1955 826 2040; baseline -0.006 -19"><span class='ocrx_word' id='word_1_77' title='bbox 361 1960 508 2022; x_wconf 79' lang='lat' dir='ltr'>causatus</span> <span class='ocrx_word' id='word_1_78' title='bbox 530 1957 565 2019; x_wconf 93' lang='lat' dir='ltr'>in</span> <span class='ocrx_word' id='word_1_79' title='bbox 587 1955 691 2040; x_wconf 90' lang='lat' dir='ltr'>campi</span> <span class='ocrx_word' id='word_1_80' title='bbox 713 1959 826 2038; x_wconf 82' lang='lat' dir='ltr'>patens</span> 
     </span>
     <span class='ocr_line' id='line_1_20' title="bbox 361 2038 774 2123; baseline -0.005 -19"><span class='ocrx_word' id='word_1_81' title='bbox 361 2046 532 2123; x_wconf 80' lang='lat' dir='ltr'>exteraque</span> <span class='ocrx_word' id='word_1_82' title='bbox 554 2040 638 2104; x_wconf 90' lang='lat' dir='ltr'>muri</span> <span class='ocrx_word' id='word_1_83' title='bbox 661 2038 774 2103; x_wconf 89' lang='lat' dir='ltr'>ducere</span> 
     </span>
     <span class='ocr_line' id='line_1_21' title="bbox 361 2123 829 2207; baseline 0 -19"><span class='ocrx_word' id='word_1_84' title='bbox 361 2123 529 2207; x_wconf 88' lang='lat' dir='ltr'>spatiando</span> <span class='ocrx_word' id='word_1_85' title='bbox 551 2124 707 2206; x_wconf 88' lang='lat' dir='ltr'>paulatim</span> <span class='ocrx_word' id='word_1_86' title='bbox 728 2124 829 2188; x_wconf 90' lang='lat' dir='ltr'>trahit</span> 
     </span>
     <span class='ocr_line' id='line_1_22' title="bbox 359 2208 761 2272; baseline 0.002 -1"><span class='ocrx_word' id='word_1_87' title='bbox 359 2208 486 2272; x_wconf 87' lang='lat' dir='ltr'>hostilis</span> <span class='ocrx_word' id='word_1_88' title='bbox 507 2208 548 2272; x_wconf 91' lang='lat' dir='ltr'>ad</span> <span class='ocrx_word' id='word_1_89' title='bbox 569 2209 646 2272; x_wconf 86' lang='lat' dir='ltr'>valli</span> <span class='ocrx_word' id='word_1_90' title='bbox 667 2208 761 2272; x_wconf 79' lang='lat' dir='ltr'>latua.</span> 
     </span>
    </p>

    <p class='ocr_par' dir='ltr' id='par_1_13' title="bbox 157 2291 1132 2888">
     <span class='ocr_line' id='line_1_23' title="bbox 222 2291 1131 2380; baseline 0.001 -20"><span class='ocrx_word' id='word_1_91' title='bbox 222 2293 405 2361; x_wconf 80' lang='lat' dir='ltr'>Priscianus</span> <span class='ocrx_word' id='word_1_92' title='bbox 426 2313 481 2377; x_wconf 82' lang='lat' dir='ltr'>pg.</span> <span class='ocrx_word' id='word_1_93' title='bbox 504 2291 580 2357; x_wconf 80' lang='lat'><strong>823:</strong></span> <span class='ocrx_word' id='word_1_94' title='bbox 603 2291 684 2356; x_wconf 91' lang='lat' dir='ltr'>illud</span> <span class='ocrx_word' id='word_1_95' title='bbox 703 2297 813 2358; x_wconf 89' lang='lat' dir='ltr'>tamen</span> <span class='ocrx_word' id='word_1_96' title='bbox 835 2292 1014 2378; x_wconf 79' lang='lat' dir='ltr'>sciendum,</span> <span class='ocrx_word' id='word_1_97' title='bbox 1038 2298 1131 2380; x_wconf 91' lang='lat' dir='ltr'>quod</span> 
     </span>
     <span class='ocr_line' id='line_1_24' title="bbox 160 2377 1131 2463; baseline 0.001 -18"><span class='ocrx_word' id='word_1_98' title='bbox 160 2383 195 2445; x_wconf 91' lang='lat' dir='ltr'>in</span> <span class='ocrx_word' id='word_1_99' title='bbox 218 2403 237 2445; x_wconf 93' lang='grc' dir='ltr'><strong>ο</strong></span> <span class='ocrx_word' id='word_1_100' title='bbox 259 2379 376 2463; x_wconf 87' lang='lat' dir='ltr'>supina</span> <span class='ocrx_word' id='word_1_101' title='bbox 402 2382 469 2442; x_wconf 88' lang='lat' dir='ltr'>tam</span> <span class='ocrx_word' id='word_1_102' title='bbox 496 2377 675 2461; x_wconf 89' lang='lat' dir='ltr'>corripiunt</span> <span class='ocrx_word' id='word_1_103' title='bbox 695 2400 792 2462; x_wconf 88' lang='lat' dir='ltr'>quam</span> <span class='ocrx_word' id='word_1_104' title='bbox 813 2377 996 2462; x_wconf 87' lang='lat' dir='ltr'>producunt</span> <span class='ocrx_word' id='word_1_105' title='bbox 1016 2386 1131 2446; x_wconf 87' lang='lat' dir='ltr'>aucto-</span> 
     </span>
     <span class='ocr_line' id='line_1_25' title="bbox 158 2463 1132 2530; baseline 0 0"><span class='ocrx_word' id='word_1_106' title='bbox 158 2487 209 2530; x_wconf 89' lang='lat' dir='ltr'>res</span> <span class='ocrx_word' id='word_1_107' title='bbox 223 2486 313 2529; x_wconf 93' lang='lat' dir='ltr'>more</span> <span class='ocrx_word' id='word_1_108' title='bbox 327 2465 499 2529; x_wconf 81' lang='lat' dir='ltr'>verborum</span> <span class='ocrx_word' id='word_1_109' title='bbox 516 2463 583 2527; x_wconf 89' lang='lat' dir='ltr'>sive</span> <span class='ocrx_word' id='word_1_110' title='bbox 605 2463 829 2528; x_wconf 85' lang='lat' dir='ltr'>adverbiorum</span> <span class='ocrx_word' id='word_1_111' title='bbox 850 2465 886 2527; x_wconf 91' lang='lat' dir='ltr'>in</span> <span class='ocrx_word' id='word_1_112' title='bbox 908 2485 926 2528; x_wconf 94' lang='lat' dir='ltr'>o</span> <span class='ocrx_word' id='word_1_113' title='bbox 949 2465 1132 2530; x_wconf 89' lang='lat' dir='ltr'>terminan-</span> 
     </span>
     <span class='ocr_line' id='line_1_26' title="bbox 157 2548 1132 2633; baseline 0 -18"><span class='ocrx_word' id='word_1_114' title='bbox 157 2551 249 2615; x_wconf 93' lang='lat' dir='ltr'>tium.</span> <span class='ocrx_word' id='word_1_115' title='bbox 278 2549 417 2633; x_wconf 89' lang='lat' dir='ltr'>Alphius</span> <span class='ocrx_word' id='word_1_116' title='bbox 431 2548 548 2613; x_wconf 83' lang='lat' dir='ltr'>Avitus</span> <span class='ocrx_word' id='word_1_117' title='bbox 570 2549 605 2612; x_wconf 92' lang='lat' dir='ltr'>in</span> <span class='ocrx_word' id='word_1_118' title='bbox 625 2549 659 2613; x_wconf 93' lang='grc' dir='ltr'><strong><em>Π</em></strong></span> <span class='ocrx_word' id='word_1_119' title='bbox 680 2549 971 2614; x_wconf 87' lang='lat' dir='ltr'>excellentium-</span> <span class='ocrx_word' id='word_1_120' title='bbox 991 2548 1032 2615; x_wconf 88' lang='lat' dir='ltr'>V.</span> <span class='ocrx_word' id='word_1_121' title='bbox 1049 2551 1073 2615; x_wconf 84' lang='lat'>5</span> <span class='ocrx_word' id='word_1_122' title='bbox 1087 2554 1132 2615; x_wconf 88' lang='lat' dir='ltr'>ad</span> 
     </span>
     <span class='ocr_line' id='line_1_27' title="bbox 157 2633 1129 2784; baseline 0 -84"><span class='ocrx_word' id='word_1_123' title='bbox 157 2635 291 2700; x_wconf 90' lang='lat' dir='ltr'>eandem</span> <span class='ocrx_word' id='word_1_124' title='bbox 305 2656 373 2698; x_wconf 89' lang='lat' dir='ltr'>rem</span> <span class='ocrx_word' id='word_1_125' title='bbox 386 2633 584 2718; x_wconf 88' lang='lat' dir='ltr'>probandam</span> <span class='ocrx_word' id='word_1_126' title='bbox 600 2634 696 2699; x_wconf 89' lang='lat' dir='ltr'>ctiam</span> <span class='ocrx_word' id='word_1_127' title='bbox 708 2635 839 2699; x_wconf 90' lang='lat' dir='ltr'>adhibet</span> <span class='ocrx_word' id='word_1_128' title='bbox 850 2633 1032 2699; x_wconf 86' lang='lat' dir='ltr'>Priscianus</span> <span class='ocrx_word' id='word_1_129' title='bbox 1046 2657 1129 2784; x_wconf 57' lang='grc' dir='ltr'>ΡΞΞ.</span> 
     </span>
     <span class='ocr_line' id='line_1_28' title="bbox 157 2719 1129 2804; baseline 0 -19"><span class='ocrx_word' id='word_1_130' title='bbox 157 2720 338 2785; x_wconf 84' lang='lat'>809.1136.</span> <span class='ocrx_word' id='word_1_131' title='bbox 369 2719 583 2804; x_wconf 76' lang='lat' dir='ltr'>‘Exteraque’</span> <span class='ocrx_word' id='word_1_132' title='bbox 607 2719 841 2802; x_wconf 85' lang='lat' dir='ltr'>Lachmannus,</span> <span class='ocrx_word' id='word_1_133' title='bbox 858 2721 1033 2802; x_wconf 84' lang='lat' dir='ltr'>‘extraque’</span> <span class='ocrx_word' id='word_1_134' title='bbox 1123 2773 1129 2785; x_wconf 93' lang='lat'>.</span> 
     </span>
     <span class='ocr_line' id='line_1_29' title="bbox 157 2804 784 2888; baseline -0.003 -19"><span class='ocrx_word' id='word_1_135' title='bbox 157 2805 186 2869; x_wconf 88' lang='lat'>3.</span> <span class='ocrx_word' id='word_1_136' title='bbox 359 2825 414 2868; x_wconf 90' lang='lat' dir='ltr'>seu</span> <span class='ocrx_word' id='word_1_137' title='bbox 435 2807 504 2868; x_wconf 87' lang='lat' dir='ltr'>tute</span> <span class='ocrx_word' id='word_1_138' title='bbox 526 2804 618 2868; x_wconf 89' lang='lat' dir='ltr'>malis</span> <span class='ocrx_word' id='word_1_139' title='bbox 640 2804 784 2888; x_wconf 88' lang='lat' dir='ltr'>hospites</span> 
     </span>
    </p>

    <p class='ocr_par' dir='ltr' id='par_1_14' title="bbox 359 2889 802 2973">
     <span class='ocr_line' id='line_1_30' title="bbox 359 2889 802 2973; baseline -0.002 -21"><span class='ocrx_word' id='word_1_140' title='bbox 359 2911 414 2953; x_wconf 89' lang='lat' dir='ltr'>seu</span> <span class='ocrx_word' id='word_1_141' title='bbox 436 2892 504 2952; x_wconf 87' lang='lat' dir='ltr'>tute</span> <span class='ocrx_word' id='word_1_142' title='bbox 527 2889 688 2973; x_wconf 83' lang='lat' dir='ltr'>captivos,</span> <span class='ocrx_word' id='word_1_143' title='bbox 710 2890 802 2953; x_wconf 90' lang='lat' dir='ltr'>habe.</span> 
     </span>
    </p>

    <p class='ocr_par' dir='ltr' id='par_1_15' title="bbox 157 2971 1166 3557">
     <span class='ocr_line' id='line_1_31' title="bbox 220 2971 1129 3118; baseline 0.002 -81"><span class='ocrx_word' id='word_1_144' title='bbox 220 2973 403 3038; x_wconf 85' lang='lat' dir='ltr'>Priscianus</span> <span class='ocrx_word' id='word_1_145' title='bbox 424 2995 478 3059; x_wconf 87' lang='lat' dir='ltr'>pg.</span> <span class='ocrx_word' id='word_1_146' title='bbox 502 2972 563 3038; x_wconf 75' lang='lat'>947</span> <span class='ocrx_word' id='word_1_147' title='bbox 586 2974 642 3037; x_wconf 91' lang='lat' dir='ltr'>ubi</span> <span class='ocrx_word' id='word_1_148' title='bbox 664 2974 710 3038; x_wconf 88' lang='lat' dir='ltr'>ait</span> <span class='ocrx_word' id='word_1_149' title='bbox 730 2973 764 3036; x_wconf 89' lang='lat' dir='ltr'>id</span> <span class='ocrx_word' id='word_1_150' title='bbox 786 2971 871 3118; x_wconf 65' lang='lat' dir='ltr'>&lt;prod</span> <span class='ocrx_word' id='word_1_151' title='bbox 892 2977 941 3037; x_wconf 87' lang='lat' dir='ltr'>est</span> <span class='ocrx_word' id='word_1_152' title='bbox 961 2976 1031 3038; x_wconf 82' lang='lat' dir='ltr'>tute</span> <span class='ocrx_word' id='word_1_153' title='bbox 1056 2996 1129 3039; x_wconf 89' lang='lat' dir='ltr'>cor-</span> 
     </span>
     <span class='ocr_line' id='line_1_32' title="bbox 157 3057 1130 3142; baseline 0.002 -20"><span class='ocrx_word' id='word_1_154' title='bbox 157 3061 249 3142; x_wconf 88' lang='lat' dir='ltr'>repta</span> <span class='ocrx_word' id='word_1_155' title='bbox 271 3080 338 3123; x_wconf 90' lang='lat' dir='ltr'>esse</span> <span class='ocrx_word' id='word_1_156' title='bbox 359 3059 450 3122; x_wconf 88' lang='lat' dir='ltr'>finali</span> <span class='ocrx_word' id='word_1_157' title='bbox 470 3057 550 3122; x_wconf 91' lang='lat' dir='ltr'>haec</span> <span class='ocrx_word' id='word_1_158' title='bbox 571 3058 686 3123; x_wconf 88' lang='lat' dir='ltr'>habet:</span> <span class='ocrx_word' id='word_1_159' title='bbox 715 3057 776 3120; x_wconf 72' lang='lat' dir='ltr'>&lt;Al</span> <span class='ocrx_word' id='word_1_160' title='bbox 822 3057 871 3120; x_wconf 91' lang='lat' dir='ltr'>ius</span> <span class='ocrx_word' id='word_1_161' title='bbox 893 3058 1011 3122; x_wconf 83' lang='lat' dir='ltr'>Avitus</span> <span class='ocrx_word' id='word_1_162' title='bbox 1032 3058 1072 3122; x_wconf 91' lang='lat' dir='ltr'>in</span> <span class='ocrx_word' id='word_1_163' title='bbox 1094 3060 1130 3124; x_wconf 91' lang='grc' dir='ltr'><strong><em>Π</em></strong></span> 
     </span>
     <span class='ocr_line' id='line_1_33' title="bbox 157 3077 1129 3226; baseline 0.002 -19"><span class='ocrx_word' id='word_1_164' title='bbox 157 3142 381 3208; x_wconf 85' lang='lat' dir='ltr'>excellentium</span> <span class='ocrx_word' id='word_1_165' title='bbox 403 3147 476 3207; x_wconf 73' lang='lat' dir='ltr'>‘seu</span> <span class='ocrx_word' id='word_1_166' title='bbox 498 3146 583 3208; x_wconf 89' lang='lat' dir='ltr'>tute’</span> <span class='ocrx_word' id='word_1_167' title='bbox 607 3164 633 3206; x_wconf 90' lang='lat' dir='ltr'>e.</span> <span class='ocrx_word' id='word_1_168' title='bbox 657 3163 687 3226; x_wconf 92' lang='lat' dir='ltr'>q.</span> <span class='ocrx_word' id='word_1_169' title='bbox 711 3163 735 3205; x_wconf 92' lang='lat' dir='ltr'>s.</span> <span class='ocrx_word' id='word_1_170' title='bbox 776 3077 863 3205; x_wconf 59' lang='lat' dir='ltr'>bunt</span> <span class='ocrx_word' id='word_1_171' title='bbox 884 3143 971 3206; x_wconf 89' lang='lat' dir='ltr'>enim</span> <span class='ocrx_word' id='word_1_172' title='bbox 993 3142 1129 3210; x_wconf 87' lang='lat' dir='ltr'>dimetri</span> 
     </span>
     <span class='ocr_line' id='line_1_34' title="bbox 158 3224 1129 3312; baseline 0.003 -21"><span class='ocrx_word' id='word_1_173' title='bbox 158 3227 295 3293; x_wconf 88' lang='lat' dir='ltr'>iambici.</span> <span class='ocrx_word' id='word_1_174' title='bbox 314 3267 352 3276; x_wconf 94' lang='lat'><em>-</em></span> <span class='ocrx_word' id='word_1_175' title='bbox 377 3227 505 3292; x_wconf 75' lang='lat' dir='ltr'>‘Habe&#39;</span> <span class='ocrx_word' id='word_1_176' title='bbox 528 3227 690 3308; x_wconf 85' lang='lat' dir='ltr'>Valesius,</span> <span class='ocrx_word' id='word_1_177' title='bbox 713 3224 847 3290; x_wconf 77' lang='lat' dir='ltr'>‘habes&#39;</span> <span class='ocrx_word' id='word_1_178' title='bbox 869 3227 938 3291; x_wconf 91' lang='lat' dir='ltr'>cdd.</span> <span class='ocrx_word' id='word_1_179' title='bbox 962 3226 1129 3312; x_wconf 88' lang='lat' dir='ltr'>(adhaesit</span> 
     </span>
     <span class='ocr_line' id='line_1_35' title="bbox 158 3310 1127 3396; baseline 0.001 -19"><span class='ocrx_word' id='word_1_180' title='bbox 158 3335 174 3377; x_wconf 90' lang='lat' dir='ltr'>s</span> <span class='ocrx_word' id='word_1_181' title='bbox 194 3335 233 3377; x_wconf 87' lang='lat' dir='ltr'>ex</span> <span class='ocrx_word' id='word_1_182' title='bbox 253 3312 400 3396; x_wconf 84' lang='lat' dir='ltr'>proximo</span> <span class='ocrx_word' id='word_1_183' title='bbox 429 3311 609 3394; x_wconf 90' lang='lat' dir='ltr'>vocabulo).</span> <span class='ocrx_word' id='word_1_184' title='bbox 644 3310 734 3372; x_wconf 91' lang='lat' dir='ltr'>Idem</span> <span class='ocrx_word' id='word_1_185' title='bbox 756 3311 884 3375; x_wconf 87' lang='lat' dir='ltr'>criticus</span> <span class='ocrx_word' id='word_1_186' title='bbox 906 3311 1012 3375; x_wconf 89' lang='lat' dir='ltr'>minus</span> <span class='ocrx_word' id='word_1_187' title='bbox 1035 3319 1127 3378; x_wconf 88' lang='lat' dir='ltr'>recte</span> 
     </span>
     <span class='ocr_line' id='line_1_36' title="bbox 159 3391 1128 3483; baseline 0.002 -21"><span class='ocrx_word' id='word_1_188' title='bbox 159 3403 197 3463; x_wconf 86' lang='lat' dir='ltr'>ut</span> <span class='ocrx_word' id='word_1_189' title='bbox 210 3402 289 3483; x_wconf 88' lang='lat' dir='ltr'>puto</span> <span class='ocrx_word' id='word_1_190' title='bbox 305 3394 361 3459; x_wconf 91' lang='lat' dir='ltr'>illa</span> <span class='ocrx_word' id='word_1_191' title='bbox 384 3394 522 3456; x_wconf 76' lang='lat' dir='ltr'>‘mavis’</span> <span class='ocrx_word' id='word_1_192' title='bbox 545 3397 578 3456; x_wconf 88' lang='lat' dir='ltr'>et</span> <span class='ocrx_word' id='word_1_193' title='bbox 599 3392 773 3455; x_wconf 56' lang='grc' dir='ltr'>ε011111111εὲ</span> <span class='ocrx_word' id='word_1_194' title='bbox 803 3391 886 3459; x_wconf 82' lang='lat' dir='ltr'>Sunt</span> <span class='ocrx_word' id='word_1_195' title='bbox 900 3399 1008 3459; x_wconf 84' lang='lat' dir='ltr'>autem</span> <span class='ocrx_word' id='word_1_196' title='bbox 1023 3399 1128 3464; x_wconf 83' lang='lat' dir='ltr'>verba</span> 
     </span>
     <span class='ocr_line' id='line_1_37' title="bbox 157 3474 864 3557; baseline -0.007 -11"><span class='ocrx_word' id='word_1_197' title='bbox 157 3480 344 3550; x_wconf 88' lang='lat' dir='ltr'>litteratoris</span> <span class='ocrx_word' id='word_1_198' title='bbox 366 3477 407 3541; x_wconf 89' lang='lat' dir='ltr'>ad</span> <span class='ocrx_word' id='word_1_199' title='bbox 428 3477 654 3557; x_wconf 82' lang='lat' dir='ltr'>imperatorem</span> <span class='ocrx_word' id='word_1_200' title='bbox 675 3474 864 3540; x_wconf 89' lang='lat' dir='ltr'>Romanum.</span> 
     </span>
    </p>
   </div>
   <div class='ocr_carea' id='block_1_11' title="bbox 0 0 1186 3886">
    <p class='ocr_par' dir='ltr' id='par_1_16' title="bbox 0 0 1186 3886">
     <span class='ocr_line' id='line_1_38' title="bbox 0 0 1186 3886; baseline 0 0"><span class='ocrx_word' id='word_1_201' title='bbox 0 0 1186 3886; x_wconf 95' lang='lat' dir='ltr'> </span> 
     </span>
    </p>
   </div>
  </div>
 </body>
</html>
