2356 3886
369 160 540 250 samius.
567 193 708 249 Avuvs
975 191 1016 254 51

37 361 159 441 Atque
187 357 271 422 idern
297 357 530 421 restituendum
551 359 679 440 ubique.
702 395 744 404 -
766 355 913 422 Videnda
936 381 1017 442 quae

36 465 155 527 nuper
176 442 407 526 disputavimus
428 464 470 506 rn.
492 440 555 506 Rh.
577 441 681 525 XXV,
703 443 733 506 2.

112 527 243 592 Pictum
265 549 333 591 esse
354 527 441 591 hunc
463 548 591 591 versum
613 549 632 590 a
653 528 862 611 grammatico
885 533 1018 612 propter

38 615 154 698 ipsam
181 612 271 676 illam
298 632 462 696 syncopen
490 617 548 695 ‘po
571 611 624 694 li’,
653 632 734 694 quae
762 614 907 697 exemplo
931 619 1018 677 caret

39 698 145 778 alias,
162 695 316 780 equidem
339 696 471 760 minime
494 717 546 761 cre
571 696 697 779 'derim3
721 694 777 760 sed
806 700 855 761 est
882 697 1018 762 fortasse

39 782 205 846 Anniani.
236 820 275 830 —
303 780 443 845 Metnrm
472 785 579 846 autem
605 781 704 863 idem,
734 781 820 864 quod
852 782 950 846 habes
982 783 1018 846 in

40 866 204 949 Aeschyli
224 865 417 930 Prometheo
440 866 549 931 vincto
571 888 623 930 vv.
648 865 717 930 128.
743 866 804 928 144

92 951 201 1035 μηδὲν
223 952 394 1036 φοβηθῇς·
419 953 517 1033 φιλία
537 947 602 1035 γὰρ
625 947 686 1014 ἅδε
707 949 809 1026 τάξις.

93 1034 263 1118 λεύσσειν,
279 1039 483 1119 Προμηθεῦ·
508 1031 638 1119 φοβερὰ
653 1031 683 1098 δ’
710 1033 843 1118 ἐμοῖσιν
865 1031 989 1110 ὄσσοις.

41 1119 151 1186 Aliud
180 1120 321 1184 eiusdem
347 1120 473 1185 numeri
502 1121 684 1204 exemplum
717 1119 810 1184 affert
841 1119 881 1183 ad
909 1119 1017 1184 locum

41 1205 195 1302 priorem·
219 1204 400 1302 scholiasta·
418 1226 457 1302 ex
489 1203 659 1288 Sophoclis
690 1204 786 1289 Tyro.
819 1243 861 1252 -
892 1203 1016 1268 Eodem

43 1294 269 1441 {iilld‘diiiidlsl
290 1288 753 1458 Sdtddriinflffffllldeindddrssss
776 1379 863 1440 caret
884 1396 1017 1459 praepo-

137 1460 254 1524 sitione
282 1460 365 1524 sieut
392 1481 540 1545 peregre,
569 1459 714 1555 quamyis
737 1458 1015 1544 Serenusxlyrieus

137 1545 181 1608 ad
211 1547 316 1610 instar
349 1545 472 1609 dixerit.
516 1543 695 1627 Exscripsrt
729 1543 809 1608 haec
845 1544 1018 1610 scholiasta

136 1627 230 1694 Statii
252 1628 499 1714 Bambergensis
526 1627 567 1692 ad
588 1627 687 1692 Theb.
710 1627 736 1712 I,
757 1628 830 1691 419.
859 1665 901 1674 -
928 1627 1016 1694 Serv.

137 1714 178 1778 ad
203 1713 281 1798 ΧΠ,
312 1713 373 1778 923
405 1715 507 1777 instar
538 1717 575 1776 ut
607 1734 704 1796 supra
732 1712 869 1776 diximus
896 1733 955 1796 per
983 1735 1017 1778 se

158 1799 268 1862 lenum
303 1803 352 1863 est
386 1820 446 1863 nec
482 1798 596 1882 recipit
623 1797 909 1881 praepositionem,
941 1797 1018 1862 licet

135 1821 274 1980 §crenus
296 1885 341 1948 od
359 1884 464 1981 instar
485 1882 615 1967 dixerit,
639 1882 725 1966 quod
747 1883 782 1946 in
803 1881 927 1946 idoneis
947 1904 1016 1946 non

47 2051 102 2116 32.
136 1970 602 2149 Isidiirlilrdlddaldeeiriilisi5289:
631 2050 768 2150 Serenus
790 2055 900 2116 tamen
920 2057 1018 2136 poeta
1106 2128 1107 2132 Ἰ

138 2135 216 2201 dicit
244 2137 413 2222 Gorgonas
445 2138 568 2223 puellas
607 2137 702 2203 fursee
732 2159 873 2202 summae
902 2137 972 2223 (vul
996 2159 1015 2201 0

137 2221 648 2392 {restrudus
668 2222 1017 2390 u.

47 2475 101 2539 33.
137 2412 319 2541 {titt}
333 2393 728 2560 t..⁸t⁰t1tffttttttt
742 2391 1016 2559 itptitnttcu,

137 2559 220 2623 sieut
235 2560 270 2624 in
287 2560 407 2627 Sereno
426 2561 553 2646 legitur,
575 2561 631 2625 sed
644 2558 832 2642 producitur
844 2556 1015 2641 positione.

271 2801 333 2875 VI.
377 2799 583 2873 ALPHIVS
609 2797 795 2873 AVITVS.

114 2963 164 3028 De
194 2965 315 3050 Aiphio
343 2966 442 3032 Avito
470 2970 544 3050 post
571 2964 829 3030 Wernsdorfium
856 2962 956 3047 praef.
980 2963 1015 3027 in

48 3053 137 3134 poet.
160 3049 215 3114 lat.
236 3051 315 3117 min.
344 3075 376 3136 p.
398 3051 448 3116 HI
473 3071 526 3136 pg.
549 3050 589 3115 31
619 3051 701 3115 dixit
727 3047 952 3114 Lachmannus
980 3049 1016 3112 in

49 3133 252 3219 praefatione
279 3136 350 3201 Ter.
380 3136 483 3201 Maur.
512 3156 566 3221 pg.
593 3134 674 3219 XH3
704 3155 773 3198 non
803 3137 911 3197 tamen
939 3133 1015 3197 satis

49 3221 156 3304 plene.
201 3218 251 3285 De
274 3220 385 3286 eodem
408 3221 531 3307 egimus
552 3221 574 3285 l.
596 3242 628 3285 n.
651 3240 705 3305 pg.
732 3219 793 3283 102
815 3239 861 3302 sq.

310 3372 423 3438 Libri
444 3372 749 3438 Excellentium.

115 3491 187 3556 Ter.
212 3491 314 3558 Maur.
337 3514 389 3556 vv.
414 3492 498 3556 2446
520 3514 589 3576 sqq.
612 3491 651 3556 de
674 3491 809 3556 dimetro
830 3486 983 3552 iambico:

776 3608 813 3661 4*

997 3817 1155 3852 .—k
