2356 3886
165 128 206 194 10
540 133 748 188 NAMATIANl

226 299 314 362 Haec
335 297 482 380 proprios
504 317 608 380 nuper
628 299 764 361 tutatast
783 296 891 360 insula
912 297 1014 362 saltus

269 380 342 446 Sive
363 381 427 446 loci
449 380 581 466 ingenio
604 403 660 445 seu
682 381 803 445 domini
825 382 937 465 geni03

205 464 362 550 llGurgitc
384 487 457 530 cum
478 466 604 531 modico
625 465 809 531 victricibus
832 467 958 531 obstitit
979 469 1106 550 armis,

163 563 214 612 330
270 550 448 635 Tamquam
468 551 647 636 longinquo
669 551 838 616 dissociata
859 551 955 615 mari:

225 633 314 700 Haec
335 636 453 700 multos
474 636 579 700 lacera
600 635 739 719 suscepit
761 636 801 698 ab
823 635 901 700 urbe
922 636 1078 720 fugat0s;

266 719 330 784 Hic
350 721 442 784 fessis
463 721 570 804 posito
593 724 678 784 certa
699 720 815 784 timore
835 721 929 786 salus.

227 804 372 869 Plurima
392 810 519 870 terreno
542 805 753 888 populaverat
774 826 914 889 aequora
934 805 1022 869 bello

268 889 391 955 Contra
408 893 557 954 naturam
578 889 678 953 classe
699 888 860 954 timendus
881 911 988 974 eques,

161 987 211 1035 335
226 974 336 1040 Vnum
357 975 439 1039 mira
459 974 537 1037 fides
559 974 647 1038 vario
670 973 851 1038 discrimine
897 978 1004 1039 ortum

268 1059 348 1124 Tam
369 1081 428 1142 pro
452 1080 469 1121 e
491 1056 661 1142 Romanis,
684 1061 750 1122 tam
771 997 974 1141 proculesse
997 1058 1105 1124 Getis.

225 1144 401 1229 Tangimus
423 1081 636 1207 lplmbronem:
664 1164 733 1207 non
755 1148 803 1207 est
824 1143 968 1228 ignobile
990 1144 1134 1227 flumem

268 1227 361 1302 Quod
381 1231 452 1291 tuto
474 1227 613 1310 trepidas
636 1228 754 1311 exeipit
776 1249 830 1292 ore
852 1231 952 1292 rates:

227 1312 307 1377 Tam
328 1311 432 1376 facilis
453 1312 564 1395 pronis
586 1334 711 1395 semper
732 1316 822 1396 patet
843 1313 952 1376 alveus
974 1313 1090 1399 undis,
1161 1331 1162 1360 1

163 1409 214 1458 340
270 1397 310 1461 lu
331 1400 468 1480 pontum
490 1397 615 1481 quoties
638 1399 733 1462 saeua
753 1397 895 1481 procella
916 1397 990 1462 ruit.

223 1481 287 1546 Hic
308 1503 368 1567 ego
390 1482 582 1566 tranquillae
604 1483 693 1548 volui
715 1481 881 1548 succedere
903 1482 1006 1565 ripae:

267 1565 481 1651 Soonautes,
505 1568 615 1633 avidos
636 1567 766 1653 longius
789 1567 851 1650 ire,
873 1587 998 1650 sequor.
1161 1581 1162 1584 ’

224 1650 277 1718 Sic
298 1653 503 1718 festinantem
526 1658 703 1736 ventusque
725 1653 855 1735 diesque
876 1651 1048 1736 relinquit3
1161 1665 1162 1670 ’

236 1799 241 1812 ,
265 1736 334 1802 Nee
355 1738 499 1822 proferre
520 1738 634 1820 pedem
655 1759 715 1801 nec
736 1758 885 1801 revocare
907 1736 992 1801 licet.

159 1836 210 1886 345
222 1801 369 1887 littorea
389 1823 493 1887 noetis
515 1823 658 1905 requiem
680 1825 838 1885 metamur
859 1843 970 1886 arena:

265 1906 331 1971 Dat
352 1907 551 1989 vespertinos
573 1909 697 1988 myrtea
718 1905 800 1970 silva
820 1906 926 1970 focos:

223 1990 362 2055 Parvula
383 1991 533 2054 subiectis
554 1989 689 2054 facimus
710 1991 852 2055 tentoria
872 1990 983 2073 remis3

265 2074 478 2138 Transversus
499 2074 605 2138 subito
628 2074 767 2138 culmine
790 2079 904 2140 contus
927 2079 1003 2140 erat.

222 2160 294 2223 Lux
315 2157 438 2222 aderat:
461 2159 562 2222 tonsis
584 2159 746 2244 progressi
768 2163 853 2223 stare
875 2159 1033 2225 videmur:

159 2258 210 2308 350
267 2241 329 2308 Sed
351 2263 479 2306 cursum
500 2265 613 2326 prorae
635 2247 721 2308 terra
742 2244 853 2308 relicta
873 2245 997 2328 probat.

224 2327 370 2394 Occurrit
392 2326 563 2412 chalybum
584 2328 801 2394 memorabilis
822 2328 893 2393 Ilva
913 2329 1066 2414 metallis,

266 2413 336 2489 Qua
356 2413 404 2476 nil
425 2412 554 2477 uberius
573 2410 694 2486 Norica
714 2413 809 2498 gleba
829 2413 920 2497 tulit3

223 2499 300 2564 Non
322 2496 450 2562 Biturix
471 2497 520 2562 lar
544 2519 562 2562 o
584 2497 693 2580 potior
715 2498 864 2563 strictura
885 2499 1026 2580 camino,

265 2583 334 2650 Nee
357 2605 437 2667 quae
460 2518 634 2649 Sardonico
658 2584 775 2666 cespite
797 2605 901 2648 massa
922 2583 1002 2648 fluit.

158 2681 208 2730 355
224 2668 302 2733 Ρ100
324 2667 449 2732 confert
469 2669 597 2765 populis
618 2664 696 2730 ferri
717 2666 855 2733 fecunda
876 2668 1010 2732 creatrix

266 2752 369 2829 Quam
389 2751 579 2816 Tartessmci
600 2752 708 2837 glarea
729 2753 819 2817 fulva
840 2753 929 2836 Tagi.

223 2838 372 2902 Materies
395 2835 481 2900 vitiis
503 2857 616 2900 aumm
636 2836 732 2902 letale
755 2836 921 2920 parandis:

264 2923 346 2986 Auri
369 2942 478 2986 caecus
501 2941 590 2984 amor
612 2921 699 2987 ducit
720 2923 755 2985 in
778 2942 873 2984 omne
893 2920 998 2986 nefas:
1025 2934 1027 2938 ·

222 3009 331 3072 Aurea
352 3006 511 3092 legitimas
533 3011 721 3089 expugnant
740 3027 874 3070 munera
894 3005 1002 3070 taedas
1008 3057 1017 3088 ,

159 3105 210 3153 300
266 3091 503 3175 Virgincosque
525 3089 613 3154 sinus
636 3112 750 3154 aureus
772 3090 874 3155 imber
896 3091 988 3156 emit:

223 3178 313 3240 Auro
335 3175 421 3240 victa
441 3174 519 3238 fides
540 3173 681 3239 munitas
703 3174 823 3258 decipit
843 3177 952 3241 urbes:

265 3261 347 3324 Auri
368 3260 499 3346 flagitiis
521 3259 658 3324 ambitus
680 3261 748 3343 ipse
770 3259 858 3326 furit.

225 3349 271 3410 At
292 3347 404 3410 contra
424 3345 511 3408 ferro
533 3345 725 3428 squallentia
746 3367 821 3409 rura
842 3345 1007 3424 coluntur,

264 3430 362 3495 Ferro
385 3427 514 3492 vivendi
535 3429 639 3512 prima
660 3433 786 3512 reperta
806 3430 897 3492 viast.
