2356 3886
152 199 195 266 56
455 202 604 259 INCERTI
620 202 817 258 AVCTORES.

176 369 204 431 7.
218 367 536 515 Thostemffltegerest
556 371 687 450 paratus
709 371 742 431 et
763 370 827 430 stat
849 366 917 450 ipse
938 365 1057 430 nudus.

246 472 289 516 er.
312 473 341 515 v.
407 452 428 514 4

175 535 204 599 8.
269 536 382 599 urbem
404 540 534 600 tenuem
554 536 668 600 fovent
690 557 788 619 opum
809 534 1019 620 benignitate.

219 619 289 684 Ter.
312 625 485 704 postquam
506 621 667 685 enarravit
682 621 779 685 etiam
794 621 935 704 quinque
950 619 1123 684 trochaeos

153 705 189 768 in
216 708 319 769 metro
348 704 478 770 sotadeo
506 705 639 789 reperiri
661 727 690 769 v.
713 705 799 770 2044
821 705 866 768 sio
886 705 1008 790 pergit:
1037 703 1121 768 dano

154 788 328 853 versiculos
346 811 409 874 quo
425 790 485 854 tibi
499 811 551 854 res
564 790 667 874 magis
704 790 836 854 robatur
851 789 986 853 ‘urbem’
1003 810 1030 853 e.
1050 811 1075 870 ς.
1092 809 1120 850 s

176 873 205 938 9.
248 895 328 939 uvas
349 874 460 938 nitidis
481 873 643 939 frontibus
664 812 782 938 liuhan
803 874 929 938 hederis
951 873 1075 959 inligat.
1098 957 1104 968 .

217 957 409 1042 Exemplum
436 959 615 1022 tetrametri
636 959 734 1023 ionici
755 958 921 1023 acataleoti
949 959 1041 1022 affert
1060 955 1120 1019 Vr-

155 1043 297 1189 ptorinus
318 1063 372 1128 pg.
399 1043 458 1107 123
480 1042 549 1107 sine
570 1043 701 1107 nomine
724 1043 872 1108 auctoris.
914 1042 1027 1107 Falsus
1043 1042 1122 1104 Ati-

168 1149 218 1190 rus
239 1149 261 1210 p

287 1129 373 1192 ,345
396 1127 524 1191 cuinam
537 1128 659 1192 tribuat
679 1150 747 1193 non
769 1129 846 1192 satis
861 1131 996 1192 constat.
1025 1123 1121 1188 Nam
1167 1149 1168 1170 ¹

155 1210 241 1296 quod
263 1147 388 1296 legitur
416 1212 451 1275 in
478 1210 586 1277 codice
608 1211 767 1278 Vaticano
791 1212 893 1297 ‘apud
914 1211 1121 1278 Cleonaeum

155 1297 336 1359 invenitur’
360 1300 468 1378 aperte
488 1301 674 1381 corruptum
696 1301 753 1382 est,
776 1301 813 1362 ut
834 1291 1121 1362 editionisMedio·

153 1380 295 1443 lanensis
327 1379 408 1443 illud
436 1387 472 1444 ‘a
494 1380 538 1445 ud
565 1379 600 1447 O.
628 1382 800 1447 Ienatem’.
844 1382 912 1445 Alii
940 1381 1121 1445 Maecenati

154 1464 311 1548 tribuere3
335 1463 391 1529 sed
413 1403 567 1530 estlraud
590 1466 684 1532 dubie
706 1470 821 1550 poetae
843 1488 922 1530 saeo.
946 1489 969 1530 u
993 1484 1019 1527 o.
1044 1463 1087 1528 X.
1167 1467 1168 1562 l

156 1549 206 1612 10.
272 1570 291 1613 ο
315 1551 370 1634 qui
393 1549 509 1635 chelyn
531 1573 682 1616 canoram
703 1551 825 1636 plectro
847 1551 933 1636 regis
954 1548 1041 1616 talo.
1167 1563 1168 1628 l

217 1634 338 1698 Atilius
359 1655 413 1720 pg.
429 1635 493 1700 320
514 1636 570 1700 ubi
585 1641 722 1701 metrum
744 1635 976 1733 galliambioun
998 1631 1121 1697 descri-

154 1719 203 1783 bit
231 1721 281 1782 ‘et
302 1719 356 1784 ille
379 1719 510 1784 alterius
533 1722 686 1787 auctoris:
709 1743 728 1785 o
751 1729 824 1805 qur'
849 1742 876 1784 e.
900 1742 930 1805 q.
947 1739 970 1781 s.
1014 1717 1119 1783 Hune
1167 1729 1168 1780 l

154 1825 282 1868 versum
304 1825 377 1868 cum
393 1809 545 1888 sequente
566 1827 622 1869 our
636 1805 798 1870 neoterioo
820 1792 1016 1890 potissinum
1039 1825 1120 1887 poe·

155 1892 207 1952 tae
229 1888 369 1953 tribuam
391 1890 559 1973 apparebit
580 1890 610 1954 ei
626 1891 681 1974 qui
703 1890 817 1976 legerit
832 1885 994 1974 quaelibri
1008 1889 1119 1952 nostri
1167 1909 1168 1974 l

152 1992 207 2057 pg.
225 1972 286 2069 l09
308 1973 393 2038 diota
414 1978 497 2038 sunt.
520 2013 562 2022 —
583 1973 633 2038 De
648 1976 831 2039 coniectura
844 1997 911 2039 mea
923 1971 1014 2036 venit
1033 1972 1120 2037 illud
1167 1991 1168 2050 l

155 2076 257 2203 lligls
271 2057 636 2207 rlrtilldsgoreoiddltoiines
658 2143 867 2228 habitumque
887 2157 959 2224 rape
982 2141 1056 2206 viri.

217 2225 322 2290 Affert
342 2224 530 2311 Dromedes‚
558 2228 614 2291 ubi
636 2228 674 2292 de
702 2227 897 2314 galliambior
919 2229 1022 2290 metro
1047 2229 1120 2312 agit
1167 2225 1168 2310 l

154 2331 211 2458 pg(i
231 2311 305 2376 514.
350 2310 499 2376 Videnda
526 2333 607 2394 quae
636 2312 702 2377 dixi
731 2313 770 2378 ad
791 2313 1002 2399 fragneutum
1023 2333 1119 2395 prae·

154 2416 190 2458 oe
213 2417 278 2460 ens.
1167 2433 1168 2476 p

156 2480 205 2543 12.
239 2480 419 2546 Diomeden
438 2481 534 2546 modo
557 2502 711 2568 magnum
733 2483 792 2548 dea
812 2481 891 2563 fecit,
914 2478 973 2543 dea
993 2479 1074 2545 belli

240 2565 447 2652 dominatrix,
477 2566 624 2652 Phrygas
652 2569 756 2633 omnis
784 2562 876 2686 utin
903 2564 999 2628 armis
1022 2587 1118 2649 supa
1167 2593 1168 2612 ¹

759 2674 847 2717 rares-

238 2733 358 2818 patulis
380 2737 509 2820 agmina
531 2737 651 2821 campis
673 2738 833 2802 iacuerunt
855 2734 1025 2822 dataleto

242 2818 350 2901 pavidi
364 2823 517 2904 tergaque
533 2821 644 2886 dantes
659 2823 817 2920 petierunt
827 2819 970 2968 ifepidae
985 2841 1072 2884 moe·
1167 2869 1168 2892 a

761 2927 810 2974 nro
862 2926 958 2969 rurae.
1167 2919 1168 2930 ¹

219 2985 431 3052 Terentianus
453 3010 503 3053 vv.
520 2990 603 3056 2056
619 3013 705 3075 sqq.:
729 2993 926 3076 apelassonos
942 2992 1049 3054 autem
1065 3011 1118 3053 ra-

154 3069 250 3160 tione·
272 3093 336 3155 qua
362 3076 492 3158 regatur
519 3096 591 3139 oum
619 3075 658 3141 de
680 3076 807 3160 pedibus
829 3075 1015 3138 dissererem
1036 3074 1119 3138 satis
1167 3087 1168 3147 t

154 3156 289 3239 probavi
312 3156 572 3308 [lon-1516&
592 3158 655 3225 Sed
677 3161 770 3245 quale
785 3163 924 3222 ‘metrum
945 3157 1119 3225 continuet

154 3262 241 3304 nuno
256 3241 438 3307 referemus.
462 3243 527 3306 dixi
573 3245 722 3310 iomeden
742 3243 827 3330 pedis
841 3244 937 3308 huius
958 3264 1026 3307 esse
1049 3242 1117 3307 for-

155 3347 250 3390 mam.
277 3327 312 3390 in
327 3327 467 3392 carmine
482 3329 527 3391 sio
543 3351 577 3392 es
614 3330 805 3404 ‘Diomeden
819 3328 914 3393 modo
930 3335 1116 3412 magnum’.
1167 3369 1168 3400 2

157 3408 332 3495 Sequentia
352 3409 454 3475 tribus
476 3414 670 3476 tetrametris
692 3436 757 3478 uno
772 3415 816 3476 'ue
843 3413 988 3478 trimetro
1011 3411 1117 3495 dispe·
1167 3413 1168 3494 l

156 3500 251 3561 scunt
273 3493 453 3576 statamus,
471 3493 680 3580 Gaisfordius,
696 3432 925 3564 Laolmannus.
955 3499 1001 3560 At
1015 3496 1117 3560 Bent-
