2356 3886
397 191 505 246 LIBER
524 191 669 248 PRIMVS.

94 355 265 438 Gaudent,
289 357 322 420 et
342 354 462 438 duplici
484 354 651 420 sedulitate
673 354 795 420 fovent.

42 441 143 506 Haeo
167 439 291 522 eadem,
313 460 386 504 oum
407 438 584 506 Flaminiae
606 440 792 524 regionibus
814 441 907 526 irem,

93 523 283 609 Splendoris
305 524 402 607 patrii
424 545 518 607 saepe
539 527 667 606 reperta
688 525 780 590 fides:

44 611 188 675 Famam
208 608 363 674 Lachanii
385 612 555 674 veneratur
576 609 717 672 numinis
739 611 841 676 instar
969 623 1021 673 595

92 695 187 758 Inter
207 693 405 777 TybrIgenas
428 692 530 776 Lydia
551 697 620 762 tota
642 715 724 758 suos.

48 782 157 844 Grata
177 778 271 844 bonis
293 777 415 860 priseos
437 777 555 842 retinet
575 778 744 861 provincia
764 801 869 844 mores

94 863 268 960 Dignaque
291 866 429 927 reotores
451 883 576 945 semper
597 863 714 928 habere
736 864 853 947 bonos,

48 949 167 1024 Quahs
189 967 277 1011 nuno
297 945 430 1030 Decius,
452 946 568 1010 Luoilli
590 947 700 1012 nobile
722 948 856 1034 pignus,

95 1033 161 1096 Per
183 1030 294 1115 Coryti
315 1032 453 1115 populos
475 1053 552 1095 arva
572 1031 666 1098 beata
686 1033 779 1182 reffit‘
972 1047 1023 1096 600

48 1119 84 1183 N
86 1139 124 1181 eo
146 1117 278 1199 mirum,
300 1117 411 1201 magni
433 1116 460 1180 si
482 1115 623 1180 redditus
645 1117 721 1185 indo
774 1118 843 1184 nati

96 1201 190 1266 Felix
211 1204 278 1264 tam
300 1201 398 1266 simili
418 1201 606 1284 posteritate
627 1205 727 1284 pater.

49 1286 160 1351 Huius
182 1285 342 1350 vulnificis
364 1285 462 1350 satira
482 1285 612 1350 ludente
634 1285 782 1353 Camenis

96 1369 166 1436 Neo
188 1370 315 1434 Turnus
336 1371 445 1453 potior
471 1392 530 1434 neo
551 1371 713 1436 Iuvenalis
742 1372 812 1438 erit.

50 1455 211 1520 Restituit
231 1459 373 1520 veterem
394 1455 539 1520 oensoria
560 1455 637 1520 lima
658 1456 828 1539 pudorem:
971 1469 1021 1519 606

98 1539 249 1622 Dumque
270 1539 373 1605 malos
395 1539 512 1623 carpit,
534 1540 691 1622 praeeipit
712 1561 779 1604 esse
800 1541 913 1606 bonos.

49 1626 127 1690 Non
150 1625 228 1688 olim
251 1624 332 1687 sacri
353 1624 545 1688 iustissimus
567 1623 686 1687 arbiter
707 1624 777 1687 auri

98 1708 376 1774 Citoumsistentes
398 1707 540 1792 reppulit
560 1707 734 1791 harpyias?

50 1793 231 1877 HarpyiaS,
254 1815 388 1876 quarum
411 1792 600 1876 discerpitur
620 1792 783 1876 unguibus
805 1792 906 1876 orbis,

99 1877 187 1953 Quae
210 1877 290 1960 pede
310 1877 458 2024 plutineo
481 1876 568 1960 quod
588 1877 723 1961 tetigere
743 1876 903 1954 trahunt:
971 1889 1022 1938 610

51 1962 144 2039 Quae
165 1963 290 2026 luseum
325 1962 434 2026 sciunt
455 1963 596 2046 Argum,
624 1983 705 2044 quae
727 1960 856 2044 Lyncea
877 1983 1022 2026 oaeoum:

95 2048 187 2111 Inter
208 2046 375 2111 custodum
395 2045 632 2130 publieafurta
653 2046 773 2110 volant.

51 2132 118 2197 Sed
138 2152 206 2195 non
227 2130 387 2195 Lucillum
409 2131 552 2195 Briareia
573 2130 691 2214 praeda
713 2130 847 2214 fefellit,

98 2216 224 2299 Totque
246 2215 347 2279 simul
362 2216 509 2280 manibus
530 2217 649 2279 restr'tit
670 2238 735 2279 una
757 2238 879 2280 manus.

51 2302 187 2384 Iamque
209 2300 414 2364 Triturritam
436 2300 550 2364 Pisaea
572 2322 610 2364 ex
630 2302 710 2365 urbe
732 2321 892 2382 reversus,
973 2309 1023 2358 616

98 2386 259 2468 Aptabam
281 2384 383 2450 nitido
406 2384 546 2467 pendula
568 2385 640 2449 vela
660 2384 767 2450 Noto:

52 2469 139 2535 Cum
161 2469 273 2533 subitis
294 2473 398 2536 tectus
415 2469 538 2534 nimbis
559 2469 719 2534 insorduit
741 2466 867 2548 aether3

98 2553 290 2636 Sparserunt
311 2553 417 2619 radios
438 2554 550 2618 nubila
571 2557 666 2635 rupta
687 2570 796 2635 vagos.
1013 2625 1014 2628 Ἴ

53 2637 272 2704 substitimus.
318 2637 396 2712 Quis
418 2638 504 2702 enirn
526 2638 584 2701 sub
607 2638 795 2719 tempestate
817 2633 960 2717 maligna

96 2722 288 2788 Insanituris
311 2721 426 2786 audeat
447 2723 493 2786 ire
515 2720 632 2784 fretis?
970 2731 1023 2780 620

55 2807 132 2872 Otia
154 2807 268 2872 vicinis
290 2807 422 2872 terimus
444 2806 571 2870 navalia
594 2805 698 2887 silvis,
825 2885 831 2898 ι

98 2891 327 2976 Seotandisque
349 2893 440 2956 iuvat
460 2892 602 2960 membra
623 2910 751 2954 movere
772 2887 858 2952 fens.

53 2977 274 3046 Instrumenta
292 2981 385 3061 parat
406 2974 545 3043 venandi
567 2976 680 3040 vilicus
702 2974 819 3055 hospes

96 3064 205 3146 Atque
228 3061 348 3127 olidum
372 3063 480 3128 doctas
500 3083 595 3127 nosse
618 3059 720 3124 cubile
743 3078 847 3123 osnes.

53 3146 214 3211 Funditur
235 3146 357 3213 insidiis
380 3151 413 3212 et
433 3169 506 3210 rara
527 3145 637 3212 fraude
659 3144 827 3227 plagarum
969 3151 1023 3202 625

97 3232 325 3315 Terribilisque
348 3231 432 3296 eadit
453 3231 587 3296 fulmine
610 3228 714 3294 dentis
737 3248 828 3310 aper,

56 3316 158 3391 Quem
180 3314 353 3400 Meleagrei
375 3319 547 3380 vereantur
568 3314 654 3379 adire
677 3312 804 3395 laoerti,

100 3400 162 3476 Qui
183 3400 269 3474 laxet
290 3399 391 3464 nodos
413 3397 731 3484 Amphitryoniadae.

55 3485 139 3549 Tum
160 3506 368 3569 responsuros
390 3485 546 3567 persultat
567 3484 684 3549 buoina
705 3486 847 3563 montes,

108 3621 274 3662 Ninnrmnvs.
805 3603 821 3649 2
