2356 3886
185 171 224 236 16
557 177 768 233 ΝΑΜΑΤΙΑΝΙ

181 353 232 402 555
246 339 392 425 Exiguus
413 362 527 426 regum
548 342 684 406 victores
707 363 815 426 cespes
837 342 991 426 habebat,

288 425 333 491 Et
354 424 562 491 Cincinnatos
584 427 696 512 iugera
716 449 817 510 pauca
838 427 966 492 dabant.

245 508 335 574 Haec
357 511 454 576 etiam
475 511 568 575 nobis
589 534 658 576 non
679 511 833 576 inferiora
853 511 1003 576 ferunbrr

289 594 421 659 Vomere
445 594 573 660 Serrani
594 596 796 680 Fabriciique
817 595 901 662 foco

245 679 411 764 Puppibus
433 702 510 767 ergo
532 682 612 745 meis
632 681 697 746 fida
717 682 752 745 in
774 683 912 746 statione
933 683 1048 748 locatis

182 775 234 826 500
290 765 363 848 lpse
384 766 486 831 vehor
506 767 597 830 Pisas
620 787 684 848 qua
705 766 787 830 solet
807 767 854 831 ire
875 767 981 850 pedes.

245 851 382 916 Praebet
405 873 519 935 equos,
542 850 637 914 offert
657 849 754 914 etism
776 855 928 948 carpenta
941 852 1106 936 tribunus,

287 935 338 1001 Ex
360 935 548 1000 commilitio
571 955 662 998 carus
684 939 717 998 et
737 936 806 1019 ipse
828 936 924 1019 miln,

247 1019 370 1084 Officiis
391 1041 536 1106 regerem
557 1041 631 1083 eum
652 1020 740 1104 regia
761 1024 846 1084 tecta
866 1022 1034 1105 magister,

288 1105 537 1191 Armigerasque
559 1104 605 1186 pii
627 1105 782 1188 principis
805 1106 962 1170 excubias.

181 1203 232 1252 555
248 1190 291 1253 Al
314 1189 394 1253 heae
416 1193 557 1253 veterem
578 1190 779 1273 contemplor
800 1191 935 1275 originis
957 1191 1085 1274 urbem,

290 1212 393 1348 duam
414 1274 549 1358 cingunt
570 1273 706 1359 geminis
726 1279 836 1339 Arnus
858 1280 891 1340 et
911 1278 1020 1340 Ausur
1041 1278 1140 1360 aquis:

246 1356 373 1423 Ocnum
395 1357 569 1441 pyramidis
592 1359 741 1424 coeuntia
761 1360 895 1424 flumina
915 1360 1052 1425 ducunt:

288 1441 433 1506 intratur
454 1443 579 1508 modico
602 1443 693 1510 frons
714 1445 876 1528 patefacta
897 1444 980 1510 solo:

246 1526 308 1592 Sed
329 1529 495 1611 proprium
509 1529 628 1594 retinet
642 1530 804 1594 communi
818 1530 853 1593 in
868 1530 996 1614 gurgite
1010 1552 1138 1612 nomen,
1161 1529 1162 1616 1

179 1625 232 1673 550
287 1611 333 1677 Et
352 1618 489 1697 pontum
511 1615 598 1680 solus
620 1615 741 1679 scilicet
761 1617 870 1678 Arnus
892 1614 968 1679 adit.
1161 1635 1162 1644 ³

245 1699 331 1768 Ante
355 1698 425 1782 diu,
448 1721 544 1782 quam
566 1699 763 1784 Troiugenas
785 1698 916 1764 fortuna
937 1703 1068 1782 penates

287 1782 558 1849 Laurentinorum
578 1784 708 1869 regibus
730 1785 900 1866 insereret,

244 1865 339 1932 Elide
361 1868 512 1932 deductas
534 1869 673 1950 suscepit
693 1868 825 1934 Etruria
845 1868 951 1951 Pisas;

285 1951 436 2016 Nominis
457 1952 576 2017 indicio
598 1953 768 2017 testificata
789 1973 899 2036 genus.

179 2035 306 2099 575Η15
328 2037 436 2100 oblata
457 2037 537 2100 mihi
559 2037 661 2102 sancti
683 2037 838 2122 genitoris
859 2039 981 2122 imago,

285 2119 396 2184 Pisani
417 2122 548 2204 proprio
572 2144 667 2204 quam
689 2143 823 2206 posuere
845 2122 927 2186 foro

243 2203 406 2268 Laudibus
428 2206 536 2268 amissi
557 2228 656 2292 cogor
676 2207 841 2272 lacrimare
863 2208 1024 2290 parentis:
1048 2248 1051 2256 ν

286 2288 466 2354 Fluxerunt
486 2290 621 2356 madidis
643 2293 760 2378 gaudia
781 2296 902 2356 maesta
923 2293 1024 2375 genie.

242 2374 392 2458 Namque
413 2378 505 2458 pater
519 2377 682 2458 quondam
696 2376 870 2462 Tyrrhenis
891 2376 1030 2459 praefuit
1044 2378 1140 2460 arvis,

179 2472 231 2522 550
287 2459 440 2524 Fascibus
462 2463 494 2524 55
516 2461 601 2524 senis
623 2461 743 2527 credita
763 2462 835 2526 iura
861 2461 957 2526 dedit.

241 2543 417 2629 Narrabat,
440 2545 588 2628 memini,
611 2547 729 2611 multos
752 2568 898 2611 emensus
919 2545 1058 2610 honores

284 2631 461 2694 Tuscorum
482 2631 626 2714 regimen
647 2632 719 2715 plus
740 2631 896 2715 placuisse
919 2631 996 2696 sibi:

241 2714 326 2778 Nam
355 2734 459 2796 neque
490 2736 588 2797 opum
617 2738 740 2800 curam,
770 2716 915 2800 quamvis
945 2716 987 2780 sit
1011 2737 1139 2801 magna,

788 2823 949 2866 sacrarum

282 2882 352 2947 Nee
374 2882 423 2946 ius
446 2887 633 2964 quaesturae
655 2890 748 2971 grata
768 2885 866 2949 fuisse
888 2886 1006 2970 magis:

178 2980 228 3029 585
242 2966 367 3051 Ipsam,
390 2967 418 3030 si
439 2967 488 3032 fas
511 2973 574 3051 est,
597 2975 790 3054 postponere
811 2970 1043 3053 praefecturam

282 3051 422 3116 Pronior
443 3053 478 3116 in
499 3053 619 3118 Tuscos
640 3077 708 3119 non
730 3054 896 3120 dubitabat
917 3077 1015 3120 amor.

241 3137 310 3202 Nee
332 3135 518 3220 fallebatur,
541 3142 608 3202 tam
630 3161 721 3204 carus
744 3144 777 3203 et
797 3141 864 3223 ipse
886 3140 1044 3223 probatis:

282 3224 440 3286 Aeternas
462 3227 568 3308 grates
589 3227 701 3288 mutua
722 3245 797 3287 cura
819 3226 923 3307 canit3

242 3307 512 3391 Constantemque
535 3309 596 3372 sibi
618 3309 737 3391 pariter
759 3309 932 3393 mitemque
954 3309 1063 3392 fuisse,

178 3407 228 3456 590
284 3393 456 3458 insinuant
476 3394 560 3457 natis
583 3393 639 3478 qui
660 3393 834 3457 meminere
857 3414 957 3457 senes.

240 3479 350 3564 Ipsum
371 3498 422 3541 me
444 3477 594 3561 gradibus
616 3499 684 3543 non
704 3477 911 3560 degenerasse
931 3477 1071 3558 parentis
