2356 3886
51 843 331 943 CLAVDII
354 841 609 940 RVTILII
624 840 1022 938 ΝΑΜΑΤΙΑΝΙ

375 1047 429 1106 nn
452 1046 603 1106 anmrv
626 1045 702 1106 svo

329 1214 495 1288 LIBER
533 1210 749 1286 PRIMVS.

490 1419 589 1426 .-—---

383 1548 509 1613 Desuni
530 1548 695 1612 nonnulla.

54 1705 214 1772 Velocem
236 1703 344 1787 polius
366 1701 504 1766 reditum
525 1700 696 1782 mirabere,
719 1699 833 1783 lector,

100 1789 183 1853 Tam
206 1788 269 1851 cilo
285 1786 450 1852 Romuleis
471 1806 565 1870 posse
587 1806 693 1850 carere
714 1784 817 1850 bonis.

55 1873 147 1950 Quid
168 1874 304 1958 longum
325 1875 395 1937 toto
416 1871 553 1937 Romam
575 1869 801 1935 venerantibus
823 1870 926 1934 aevo?

100 1957 159 2024 Nil
180 1979 333 2040 umquam
354 1957 535 2042 longumst,
558 1955 645 2038 quod
666 1955 735 2020 sine
757 1955 820 2018 fine
842 1955 956 2039 placet.

55 2044 86 2110 Ο
134 2046 225 2108 uaier
247 2046 279 2106 ei
301 2042 450 2125 quoiiens
472 2063 540 2105 non
561 2044 610 2104 esi
630 2061 798 2105 numerare
820 2040 946 2125 beatos,
1006 2053 1022 2102 5

137 2127 203 2191 asci
223 2126 311 2190 felici
333 2127 388 2211 qui
409 2147 553 2191 meruere
575 2126 659 2190 solo!

57 2212 124 2288 Qui
145 2211 364 2276 Romanorum
385 2233 554 2295 procerum
575 2231 731 2296 generosa
772 2230 896 2294 ropago

100 2296 288 2380 Ingeniium
310 2296 475 2361 cumulant
495 2295 583 2360 urbis
605 2295 729 2360 honore
751 2233 860 2360 iocus!

54 2381 191 2448 Semina
214 2381 368 2445 virtutum
390 2380 526 2444 demissa
547 2384 580 2444 ei
600 2379 719 2444 tradita
740 2379 827 2444 caelo

101 2464 179 2531 Non
199 2470 333 2549 poluere
355 2464 426 2529 aliis
448 2464 576 2550 dignius
599 2485 665 2528 esse
688 2463 775 2527 locis
991 2477 1022 2523 ro

57 2550 183 2615 Felices
205 2551 316 2632 etiam,
339 2550 395 2634 qui
416 2550 562 2633 proxima
583 2569 717 2613 munera
737 2546 849 2630 primis

93 2633 217 2700 'sortiti
239 2635 347 2700 Latias
370 2634 536 2717 optinuere
559 2633 680 2697 domos.

56 2719 239 2804 Rolligiosa
260 2722 350 2803 palei
370 2719 558 2803 peregrinae
581 2716 669 2781 curia
689 2715 792 2799 laudi3

102 2803 171 2870 Nec
192 2808 470 2888 pulmentorum,
493 2825 574 2887 quos
596 2800 686 2866 deaei
707 2822 774 2865 esse
796 2821 879 2866 suos.

57 2888 190 2953 Ordinis
212 2890 347 2973 imperio
370 2888 627 2973 collegarumque
648 2887 802 2951 fruuntur
990 2898 1022 2946 15

102 2972 146 3038 m
167 2978 292 3058 perlem
314 2974 424 3059 Genii,
447 2995 542 3058 quem
563 2975 773 3054 venerantur,
795 2969 924 3034 habens.

60 3057 162 3132 Quale
184 3080 242 3143 per
265 3060 424 3125 aetherios
446 3058 602 3124 mundani
623 3056 751 3122 verticis
773 3076 846 3120 axes

104 3141 284 3207 Concilium
306 3146 422 3208 summi
444 3143 601 3210 credimus
623 3163 690 3206 csse
711 3139 782 3206 Dci.

59 3229 107 3291 At
128 3249 200 3292 mea
222 3227 344 3293 dilectis
366 3229 496 3295 fortuna
518 3227 682 3293 revellitur
705 3227 782 3310 oris,

102 3311 356 3397 Indigenamque
379 3336 471 3378 suum
494 3313 618 3380 Gallica
638 3331 714 3374 rura
735 3313 860 3375 vocant.
989 3319 1026 3369 20

58 3395 122 3460 Illa
166 3394 274 3460 uidem
295 3397 402 3480 longis
423 3399 559 3463 nimium
581 3394 736 3460 deformia
757 3395 864 3477 bellis,

105 3417 168 3545 Sel
190 3503 287 3565 quam
309 3484 401 3566 grata
422 3482 542 3565 minus,
565 3485 633 3545 lam
653 3479 833 3546 miseranda
854 3477 987 3561 magis'
