2356 3886
431 208 628 264 ANNIANVS.
974 205 1016 270 35

43 395 101 438 sae
131 371 195 436 riri
229 371 361 435 summis
393 370 590 456 assiduisque
617 371 765 436 laudibus
791 372 851 437 hos
879 373 1016 470 Vergilii

43 478 163 524 versus
185 456 347 540 ferebant,
370 457 486 541 quibus
507 455 690 522 Volcanum
712 461 744 521 et
765 457 925 522 Venerem
947 481 1016 522 11111-

44 548 119 608 etos
142 541 323 624 mixtosque
338 541 407 604 iure
422 541 518 606 coniu
545 541 581 624 'i,
603 562 672 604 rem
693 541 764 626 lege
786 546 919 607 naturae
942 564 1015 627 ope·

42 625 210 709 riendam,
238 625 418 690 verecunda
446 648 509 709 qua
609 626 820 691 translatione
846 630 1015 692 verborum

44 735 123 778 cum
147 709 330 775 ostenderet
351 709 645 794 demonstraretque
666 711 816 794 protexit.

112 795 286 860 Annianus
315 799 411 878 poeta
438 796 474 859 in
505 794 607 860 fundo
633 816 706 878 suo,
744 817 840 879 quem
870 797 905 860 in
937 819 1014 883 agro

43 881 177 947 Falisco
204 879 405 963 possidebat,
433 881 555 966 agitare
582 883 652 945 erat
678 880 790 944 solitus
822 880 1016 946 vindemiam

41 967 152 1031 hilare
174 967 269 1048 atque
292 965 477 1029 amoeniter.

111 1049 217 1134 Igitur
238 1048 291 1112 hic
314 1049 364 1113 vir
378 1071 473 1133 quem
495 1054 528 1114 et
548 1049 759 1113 litteratorem
774 1052 918 1113 veterum
940 1052 1014 1114 scri-

43 1139 178 1220 ptorum
192 1134 388 1218 cumprimis
400 1135 561 1199 curiosum
574 1134 757 1218 pariterque
772 1137 901 1217 poetam
914 1133 1013 1199 fuisse

42 1219 148 1285 madit
169 1217 293 1282 Gellius
314 1219 442 1302 scripsit
463 1218 573 1302 idyllia
595 1219 711 1302 quibus
739 1218 853 1283 ruralis
875 1219 942 1283 vita
963 1219 1014 1284 de-

43 1305 235 1389 pingeretur
255 1302 379 1368 ineerto
401 1305 556 1368 librorum
577 1324 729 1388 numer03
750 1325 812 1368 nec
827 1304 913 1368 enim
928 1305 1013 1388 quic-

45 1411 147 1537 qpam
169 1387 289 1536 effflm
311 1409 404 1452 versu
427 1387 612 1536 {erentiaqi
636 1388 727 1537 11⁴}th
758 1388 828 1486 'Eis
851 1389 889 1453 de
912 1389 1013 1488 fundo

43 1498 55 1538 1
84 1495 105 1538 o
137 1494 172 1536 m
259 1494 398 1538 iscorum
446 1494 517 1539 erra
557 1493 618 1536 s10
721 1494 782 1536 sors
812 1496 933 1539 nomen
964 1497 1012 1540 m-

43 1557 138 1622 didit.
183 1555 331 1621 Ceterum
361 1557 411 1621 his
444 1577 637 1641 quamquam
669 1555 756 1620 haud
788 1556 882 1622 dubie
915 1560 1011 1623 etiam

43 1645 169 1708 inserta
189 1641 279 1706 fuere
302 1642 421 1706 erotica
442 1641 592 1726 carmina,
607 1639 692 1704 idem
713 1644 823 1705 tamen
845 1663 1011 1728 argumen-

42 1734 117 1792 tum
145 1726 283 1810 propriis
305 1725 577 1790 Fescenninorum
604 1725 765 1822 opusculis
791 1725 918 1791 videtur
945 1749 1012 1792 esse

42 1814 240 1898 persecutus.
283 1809 368 1875 Nam
388 1811 561 1894 Ausonius,
584 1832 640 1895 qm
661 1810 748 1874 solus
770 1831 880 1874 eorum
902 1813 1011 1875 memi-

42 1898 98 1962 nit
119 1897 155 1960 in
177 1896 305 1981 epilogo
328 1896 472 1961 centonis
493 1895 646 1979 nuptialis
675 1893 740 1982 [pg.
758 1895 821 1958 214
843 1897 890 1960 ed.
914 1895 1010 1983 Bipq,

42 1982 235 2048 Annianum
268 1985 425 2046 memorat
450 1982 535 2046 inter
566 2002 620 2044 eos
652 1983 813 2066 auctores,
848 1981 902 2065 qui
933 1978 1011 2046 totis

42 2067 137 2132 libris
159 2066 311 2130 lascivam
331 2066 539 2131 tractaverint
559 2065 734 2130 materiam.

109 2150 311 2216 Difficillima
337 2156 386 2217 est
412 2151 556 2236 quaestio
585 2148 623 2214 de
651 2147 771 2216 Sereno
793 2151 938 2216 Anniani
966 2174 1012 2216 se-

42 2240 179 2320 ctatore,
202 2258 299 2320 quam
320 2240 428 2308 tamen
449 2237 546 2322 longe
575 2235 667 2299 aliter
689 2236 918 2319 expediendam
940 2258 1011 2300 cen-

42 2343 100 2386 seo
124 2342 161 2384 ae
174 2320 288 2418 'visum
310 2325 357 2386 est
371 2321 589 2419 Lachmanno,
612 2320 668 2418 qui
684 2320 833 2418 disseruit
847 2320 885 2384 de
907 2321 1011 2404 poetis

41 2405 282 2555 111111
299 2404 792 2554 retrusurus}-
802 2403 1011 2550 111111

41 2576 136 2640 mina
157 2573 322 2656 adscribit,
372 2572 436 2638 uod
463 2593 564 2670 genus
586 2571 743 2656 poematis
764 2571 933 2654 postmodo
957 2570 1010 2636 Se-

41 2659 179 2745 ptimius
201 2657 338 2723 Serenus
387 2657 491 2722 aliatus
519 2657 584 2722 suis
606 2655 818 2719 renovaverit.
863 2654 925 2720 Sed
946 2657 1011 2739 pri-

40 2766 135 2810 mum
164 2743 307 2808 omnium
333 2742 518 2807 testimonia
548 2744 693 2804 veterum
721 2740 838 2823 quibus
865 2741 1011 2825 tangitur

40 2851 110 2912 res,
139 2827 178 2892 de
205 2848 268 2911 qua
295 2827 416 2913 agitur,
444 2847 518 2889 eum
540 2847 615 2888 cura
636 2822 851 2907 expendenda.
895 2825 1008 2908 ltaque

40 2911 133 2998 apud
153 2911 225 2976 Ter.
247 2933 298 2976 vv.
324 2912 404 2977 1988
425 2931 494 2994 sqq.
516 2908 596 2974 haec
617 2908 782 2994 leguntur:

110 2997 233 3082 syllaba
253 3000 417 3079 praeterea
437 3015 571 3059 numero
594 2992 817 3077 superadditur
838 2993 901 3059 isti.

109 3103 178 3146 non
199 3080 298 3145 refert
318 3081 421 3165 qualis
427 3131 436 3164 ,
459 3100 532 3143 cum
553 3079 595 3144 sit
616 3099 764 3161 suprema
784 3079 901 3144 futura.

108 3167 173 3230 boe
194 3164 293 3230 refert
314 3187 405 3250 sane,
427 3163 533 3229 brevis
554 3166 592 3228 ut
612 3162 809 3246 paenultima
829 3164 902 3246 fiat,

108 3251 224 3315 ultima
246 3270 326 3334 quae
348 3253 450 3315 metro
472 3248 535 3312 fuit
554 3246 618 3311 hoc
639 3247 771 3312 inventa
793 3246 912 3314 Sereni.

110 3357 188 3400 nam
209 3334 301 3418 lyrici
323 3335 472 3418 quotiens
493 3354 550 3396 sua
571 3332 685 3397 volunt

110 3419 253 3486 earmina
273 3439 331 3502 per
351 3419 456 3483 varios
478 3417 552 3482 dare
574 3439 684 3500 sonos,

110 3504 258 3590 pluribus
279 3503 336 3568 illa
356 3503 459 3568 modis
480 3503 526 3567 ita
546 3506 677 3567 novant.

767 3620 804 3674 3*
