2356 3886
446 144 651 192 Putnntnlo.
992 149 1029 194 XI

125 297 171 360 ib.
195 296 259 361 630
279 299 452 379 reportanti
474 294 614 361 Castalio
621 347 630 379 ‚
652 299 839 380 reportando
862 297 902 381 O,
925 321 1029 382 reper-

49 383 171 530 tamili.
186 380 257 530 1838
282 465 394 530 Orant
415 464 449 530 O.
466 503 507 514 -
522 465 564 529 ib.
581 465 643 529 643
666 467 735 530 orbi
756 468 882 552 seripsi3
906 471 978 535 orte
1000 491 1028 534 v.

128 549 176 633 ΙΙ,
203 550 243 613 12
258 555 356 632 poeta
377 549 403 614 0
424 549 469 635 E3
493 555 620 633 eperia
636 549 884 618 Wernsdorfius.

130 636 174 700 ib.
196 635 239 698 42
260 637 343 717 qaod
364 633 389 700 O
410 634 449 699 Ε.
960 631 963 640 ’

130 721 174 784 ib.
197 721 239 784 56
261 721 341 785 colos
363 719 388 784 Ο
409 719 447 784 Ε.

423 947 674 954 mna-—

175 1163 242 1236 DE
276 1163 504 1238 METRIOA
538 1164 676 1238 ARTE
711 1165 923 1240 RVTILH.

126 1312 242 1376 Rutilii
272 1313 397 1376 numeri
430 1316 521 1376 tanta
553 1335 625 1377 eum
658 1335 734 1378 eura
765 1319 841 1379 sunt
869 1315 1028 1398 perpoliti,

60 1404 98 1463 ut
125 1399 212 1472 inter
238 1397 528 1480 praestantissimos
551 1397 770 1462 Romanorum
797 1402 1029 1464 versificatores

59 1484 178 1547 merito
201 1482 366 1547 habeatur.
403 1481 487 1545 Illud
508 1482 612 1545 solum
634 1482 789 1564 culparim
812 1485 897 1566 quod
920 1507 1029 1549 versus

60 1569 130 1632 eius
163 1567 272 1649 paullo
304 1567 406 1650 magia
439 1588 535 1650 quam
567 1565 657 1630 decet
688 1571 816 1649 poetam
849 1569 1026 1652 elegiacum

60 1651 335 1734 σπονδειάζουσις
370 1673 444 1715 nam
476 1657 507 1714 et
535 1651 647 1734 quinto
676 1651 853 1715 hexametri
881 1653 951 1717 loeo
979 1653 1028 1717 bis

60 1737 161 1801 habet
182 1736 360 1819 spondeum
382 1739 415 1800 et
436 1737 561 1819 saepius
583 1737 687 1819 primo
707 1736 848 1800 eiusdem
862 1759 1029 1802 mensurae

61 1821 256 1886 vocabulum
273 1821 470 1922 ,disyllabum
492 1821 636 1885 collocat.

127 1904 338 1970 Caesinarum
369 1909 496 1989 praeter
527 1905 796 1989 penthemimerin
828 1929 896 1972 non
932 1905 1029 1971 habet

105 2412 364 2498 Aeternumltibi
386 2411 517 2478 Rhenus
538 2416 607 2477 aret
615 2413 685 2497 ltibi
706 2413 801 2478 Nilus
823 2412 966 2477 inundet.

105 2496 180 2561 inde
202 2496 408 2561 Tritinre'tam
429 2497 646 2583 petimus.lsie
667 2497 744 2560 villa
765 2500 906 2560 vocatur.

105 2585 180 2645 ante
203 2581 374 2666 diulquam
396 2581 746 2667 Troiugenaelfortuna
766 2585 907 2664 penates,

127 2665 178 2730 Ex
209 2665 260 2729 his
293 2665 433 2750 primum
465 2686 566 2750 genus
598 2664 756 2749 reperitur
787 2664 940 2747 exemplis
970 2664 1026 2750 IX,

61 2752 200 2816 alterum
222 2750 314 2834 XVI,
342 2750 473 2814 tertium
495 2750 568 2816 Vll.
613 2749 762 2816 Ceterum
783 2770 959 2832 numquam
980 2753 1028 2814 in-

63 2836 144 2984 eisitIi
166 2836 201 2899 in
222 2837 474 2986 praepffitoffis
484 2834 826 3004 rilliomumfiones
848 2834 969 2984 ineidig.

143 2941 195 2984 am
250 2943 314 2985 uan
594 2941 629 2984 os
679 2941 796 2984 nmum
823 2940 942 2984 monen
962 2944 1018 2985 um

62 3004 151 3088 quoe
165 2943 277 3088 quain
293 3005 328 3102 [1,
344 3007 416 3071 585.
438 3005 480 3090 Π,
496 3005 546 3070 33.
568 3005 594 3088 Ι,
609 2941 681 3069 aei.
704 3002 924 3091 637]u1eim0s
949 2972 1027 3070 tuot

62 3089 185 3154 heroiei
214 3093 307 3154 metri
334 3090 430 3174 pedes
456 3089 670 3175 tetrasyllabis
698 3089 765 3153 sive
800 3091 1027 3174 pentasyllabis

62 3175 227 3239 vocabulis
254 3175 412 3259 eontinet3
442 3176 477 3240 in
505 3175 637 3261 elegiaci
658 3174 722 3239 fine
744 3174 909 3258 trisyllaba
929 3175 1026 3240 habes

63 3262 114 3323 ter
137 3257 178 3346 [1,
204 3260 272 3325 160.
295 3259 366 3324 828.
389 3259 479 3347 526],
502 3259 708 3343 tetrasyllaba
722 3259 833 3323 novies
849 3257 885 3345 sl,
900 3260 959 3324 56.
974 3259 1024 3324 82.

66 3343 135 3408 124.
159 3345 231 3409 382.
258 3343 330 3409 564.
358 3343 430 3408 572.
458 3345 532 3410 608.
565 3343 613 3426 Π,
635 3343 686 3407 22.
709 3343 778 3427 42,
829 3343 1027 3426 entasyllaba

62 3428 113 3492 bis
129 3427 165 3516 [1,
181 3429 252 3494 306.
273 3425 347 3514 472]
362 3449 421 3491 nee
442 3429 544 3493 rarius
565 3428 745 3514 heptasylla
767 3451 787 3492 a
802 3366 837 3514 il,
852 3427 925 3492 450.
940 3427 1024 3514 628}
