2356 3886
430 181 628 236 ANNIANVS.
967 175 1009 240 39
1036 213 1037 220 1

28 350 113 411 orta
137 346 188 408 est
209 342 382 426 disputatio
410 346 521 408 nostra
543 342 656 408 ‘docta
675 343 801 408 Falisca
823 342 940 409 Serene
961 365 1009 409 re-

28 434 154 515 paras'
184 449 224 492 ex
244 427 431 493 Terentiani
457 427 521 492 illis
549 427 644 492 ‘talia
671 427 765 495 docta
785 428 911 494 Falisca
931 429 961 493 le
988 429 1010 476 '-

28 520 132 580 mus’
164 533 231 578 esse
257 513 369 577 fictum
401 533 496 578 nemo
530 515 567 577 ut
600 513 715 596 opinor
748 513 915 579 dubitabit.
989 536 1010 576 x

30 599 157 665 eodem
184 597 383 681 apertissime
409 596 500 662 fonte
534 596 629 662 ducta
661 619 854 683 quamquam
882 598 1007 663 diverso

30 703 152 750 errore
180 703 261 765 quae
289 683 490 766 Augustinus
518 681 552 746 in
574 685 689 764 quarto
718 680 756 746 de
784 683 905 747 musica
925 683 1008 747 libro

30 767 169 854 profert
195 788 263 850 cap.
286 767 342 831 30:
370 787 474 850 neque
497 766 583 830 enim
604 767 632 831 si
653 765 796 831 Faliscus
821 768 930 832 nescio
953 767 1010 915 qui

31 855 147 918 metra
168 850 215 915 ita
236 850 417 935 composuit
437 854 475 916 ut
494 851 574 916 haec
588 855 706 917 sonant
728 850 867 935 ‘quando
882 852 965 936 flage
978 853 1010 915 la

31 940 143 1024 ligas,
164 935 212 1000 ita
232 935 313 1020 liga,
340 935 415 1001 vitis
438 939 470 1000 et
490 935 596 1001 ulmus
617 935 666 1000 uti
688 935 783 1000 simul
804 939 906 1019 eant',
929 937 1008 1000 seire

32 1024 107 1088 hoc
126 1041 306 1104 possumus.
337 1019 485 1086 Ceterum
499 1043 567 1087 non
582 1024 650 1086 erat
669 1042 726 1085 cur
746 1021 917 1086 miraretur
931 1019 1009 1086 San-

33 1105 152 1172 tenius
173 1105 341 1188 epitheton
361 1104 442 1169 illud
463 1104 601 1170 ‘ductat
636 1104 721 1172 Nam
743 1106 777 1171 id
797 1104 1009 1170 Terentianus

34 1196 76 1256 ut
101 1189 234 1254 adderet
254 1189 381 1255 videtur
402 1211 470 1254 esse
491 1190 647 1274 impulsus
668 1213 706 1255 11
735 1212 769 1256 11
791 1189 878 1274 quod
898 1189 1010 1255 Laevii

35 1273 177 1340 omnino
194 1276 227 1338 et
248 1274 429 1359 aequalium
451 1274 519 1339 eius
533 1274 574 1338 ad
593 1275 807 1341 imitationem
820 1275 910 1340 fuere
925 1296 1008 1340 eorn-

35 1359 152 1445 posita
179 1359 322 1424 carmina
342 1358 481 1440 Falisca,
511 1380 592 1440 quae
615 1362 648 1424 et
669 1359 846 1425 dictionum
867 1381 926 1444 pro

35 1449 110 1510 tate
134 1446 167 1508 et
187 1465 394 1510 numerorum
408 1443 614 1509 multitudine
632 1445 754 1527 pariter
767 1466 805 1508 ac
820 1383 1009 1510 difficultate

35 1528 227 1593 referebant
247 1527 330 1594 illos.
375 1526 575 1612 Quamquam
597 1528 668 1611 quis
695 1528 867 1613 ignorata
889 1527 1008 1594 Catulli

35 1613 130 1710 inde·
146 1615 291 1760 tempore
317 1613 401 1677 nihil
427 1612 627 1708 frequentius
657 1612 873 1697 appellatione
895 1612 952 1677 1111
974 1613 1010 1676 in

35 1701 230 1846 poedddvirt
244 1698 437 1847 hbdliabffibiii
455 1695 775 1879 111111ῗ11111811111111
785 1781 849 1845 illis
866 1779 1008 1865 ‘quando

38 1865 174 1952 flagella
194 1866 291 1951 ligas,
311 1866 358 1931 ita
378 1866 456 1952 liga'
479 1889 505 1933 e.
529 1889 559 1952 q.
583 1889 607 1931 s.
629 1867 676 1930 ita
697 1866 778 1931 mrhr
799 1864 926 1930 vrdetur
947 1869 1009 1930 sta-

41 1950 211 2034 tuendum,
233 1955 270 2016 ut
291 1950 415 2016 dicatur
436 1973 490 2018 eos
511 1952 548 2016 in
569 1951 745 2017 enchiridio
760 1950 817 2016 illo
840 1973 905 2036 quo
926 1949 1010 2035 pari-

39 2039 93 2100 ter
121 2035 173 2100 usi
199 2039 275 2100 sunt
300 2035 512 2102 Terentianus
539 2040 572 2102 et
592 2036 780 2103 Victorinus
806 2040 844 2102 ut
870 2035 1010 2104 Calabrii

38 2119 141 2184 metri
162 2120 344 2204 exemplum
358 2143 398 2186 ex
411 2120 545 2186 Faliscis
566 2121 703 2205 petitum
724 2122 918 2188 carminibus
940 2121 1010 2187 sine

38 2204 177 2270 nomine
198 2205 347 2290 auctoris,
362 2207 440 2290 quip
464 2228 481 2270 e
501 2207 572 2272 noti
585 2207 746 2291 plerisque
768 2211 800 2272 et
822 2206 919 2290 obvii,
942 2227 1009 2271 esse

39 2288 203 2373 prolatos3
234 2312 315 2374 quos
344 2312 400 2355 cur
432 2229 551 2356 §erano
585 2291 812 2375 adscripserint
843 2293 1010 2355 auctorum

38 2373 238 2439 Terentiano
265 2375 480 2459 posteriorum
507 2375 651 2460 plerique
678 2376 802 2440 nullam
823 2375 920 2440 aliam
942 2395 1009 2437 esse

40 2456 1010 2628 11111111111111311111

38 2627 245 2711 frequentem
266 2626 415 2711 Septimii
441 2632 479 2693 ut
505 2627 697 2713 praecedens
719 2627 765 2692 ita
786 2626 884 2692 ctiam
925 2628 1011 2722 pste-

39 2712 111 2776 rius
133 2710 335 2777 erediderunt
356 2733 424 2776 esre
446 2711 636 2796 exemplum,
659 2731 732 2775 eum
742 2709 888 2776 Anniani
904 2647 1009 2774 hbros

44 2795 239 2879 inspiciendi
260 2800 317 2862 aut
338 2796 487 2862 voluntas
509 2818 564 2861 eos
586 2795 734 2861 deficeret
754 2798 812 2860 aut
831 2793 977 2859 facultas.

108 2879 258 2946 Ceterum
279 2882 331 2946 vel
351 2881 414 2947 hoc
435 2880 561 2947 videtur
583 2879 734 2964 dubium,
755 2901 835 2945 num
855 2881 941 2944 reete
962 2901 1011 2943 as·

41 2968 131 3030 serat
156 2965 344 3032 Victorinus
372 2969 510 3032 metrum
537 2965 624 3050 quod
645 2969 693 3030 est
715 2962 860 3048 ‘quando
883 2963 1011 3062 flagella

41 3050 136 3136 ligas,
151 3050 198 3115 ita
211 3050 295 3137 liga’
309 3049 470 3117 Faliscum
484 3071 613 3115 carmen
626 3052 775 3115 vocatum
790 3048 830 3114 ab
845 3049 1009 3115 Anmano.

42 3134 139 3202 Certe
165 3157 234 3201 non
262 3135 332 3201 solo
353 3135 416 3202 hoc
437 3156 571 3201 numero
594 3133 748 3219 opuscula
768 3133 837 3198 eius
859 3155 940 3218 quae
962 3133 1011 3198 in·

43 3219 174 3304 scripsit
194 3219 320 3285 Falisca
341 3220 519 3305 composita
541 3241 608 3284 esse
630 3221 765 3283 constat.
810 3216 915 3294 Quare
936 3239 1010 3301 pro-

66 3304 118 3368 ius
140 3326 160 3369 a
179 3304 242 3368 fide
264 3304 374 3370 abesse
396 3305 543 3370 existimo
565 3303 619 3369 hic
633 3323 761 3388 quoque
776 3325 850 3368 eum
863 3307 901 3369 ut
915 3323 1009 3386 saepe

43 3327 172 3472 lapsum
194 3410 261 3455 esse
283 3387 523 3473 interpretando
545 3387 749 3454 Terentiano.
790 3387 876 3454 Nam
897 3385 1010 3452 codem

44 3472 221 3539 certissime
243 3494 350 3539 errore
370 3495 523 3558 praeceps
545 3473 637 3539 datus
657 3473 758 3540 falsus
780 3471 924 3556 Servius,
954 3469 1011 3555 qui

949 1361 1009 1423 rie-

977 3793 1128 3842 —k
