2356 3886
352 227 498 284 INOERTI
520 227 718 284 AVCTORES.
973 223 1016 288 55

42 395 165 476 poetae
186 391 348 456 neoterico
370 413 408 460 ac
429 394 565 455 fortasse
587 389 706 456 Sereno
729 390 879 456 videntur
900 389 1016 455 adscri-

47 475 164 541 benda.
209 475 358 541 (letarum
385 477 420 540 in
447 476 593 541 Parisino
622 475 704 539 libro
733 475 817 540 1929
848 497 1016 560 perperam

49 557 172 646 legitur
193 561 251 625 ‘sic
273 564 321 626 est
342 566 473 626 natura'
497 564 530 625 et
552 560 747 645 ‘imaginis'.

50 662 85 725 4.
221 727 244 748 ,Ι
337 664 401 727 huc
423 662 497 726 ades
518 661 639 746 Lyaeo,

339 748 512 832 Bassareu,
534 745 690 828 bicornis,

339 831 502 915 Maenala,
524 831 676 914 bimater‚

339 917 426 982 crine
448 916 568 981 nitidus
591 919 682 999 apt03

338 1002 433 1066 luteis
457 1000 617 1086 corymbis

337 1087 509 1151 hederate
531 1089 673 1153 coronet.

288 1223 291 1228 .
339 1172 432 1235 hasta
453 1170 564 1235 viridis
587 1174 697 1234 armet.

359 1255 481 1319 lucidus
503 1255 577 1319 ades
599 1253 640 1319 ad
661 1276 747 1337 aras,

337 1279 479 1422 ilacche,
502 1336 644 1423 Bacche,
667 1338 802 1404 Bacche.

123 1437 221 1506 Affes
234 1441 355 1505 Atilius
371 1439 623 1505 Fortunatianus
637 1460 691 1525 pg.
706 1440 770 1504 312
784 1440 820 1504 in
835 1440 1016 1523 exemplum

55 1523 153 1587 metri
179 1524 383 1611 iuyphalliei.
428 1524 587 1589 Vltimum
616 1545 743 1589 versum
771 1523 891 1588 ibidem
919 1525 1017 1590 etiarn

56 1607 187 1691 promit,
209 1629 262 1675 nec
276 1611 383 1674 minus
398 1608 608 1674 Terentianus
628 1631 658 1673 v.
673 1607 760 1674 2594
782 1611 815 1672 et
828 1607 1016 1673 Victorinus

56 1713 112 1778 pg.
137 1693 207 1757 162.
242 1695 332 1760 Idem
359 1716 488 1760 carmen
509 1715 548 1757 ex
570 1692 683 1757 inediti
709 1695 865 1758 tractatus
887 1691 925 1756 dc
948 1714 1016 1757 ver-

57 1772 157 1841 sibus'
175 1777 275 1844 codne
302 1779 520 1863 Neapolitano
548 1777 715 1862 descripsit
741 1775 903 1841 Heinsius.
947 1775 1016 1840 Pri-

56 1883 148 1926 mum
169 1865 301 1928 metram
315 1862 467 1930 Diomedi
488 1884 617 1947 quoque
639 1864 851 1927 memoratum
872 1883 926 1947 pg.
942 1861 1014 1926 511.

56 1945 207 2030 Denique
228 1946 408 2014 Victorinus
436 1970 489 2035 pg.
515 1948 575 2014 125
602 1948 658 2012 ubi
685 1950 795 2012 narrat
830 1945 1016 2030 ithyphalli-

58 2053 133 2096 cum
153 2053 316 2098 numeram
338 2055 432 2119 saepe
454 2033 536 2098 solvi
557 2033 593 2097 in
608 2032 796 2116 tribrachyn
817 2031 943 2116 profert
964 2054 1015 2096 vr.

59 2119 87 2181 l.
112 2117 148 2199 8,
176 2115 232 2179 sed
261 2119 391 2183 alterum
417 2141 475 2203 per
496 2118 778 2201 interpolationem
799 2115 1017 2181 foedissimam

58 2200 214 2284 scriptum
239 2201 293 2265 ita.
327 2204 488 2288 ‘placidus
514 2203 643 2288 percipe
671 2223 788 2268 munus
796 2207 817 2266 '.
862 2200 911 2267 cf.
941 2223 1015 2265 ann.

57 2284 173 2369 philol.
201 2307 228 2349 a.
254 2285 328 2352 1816
354 2307 407 2372 pg.
431 2288 503 2352 863.
547 2287 588 2352 V.
610 2288 632 2353 3
659 2286 844 2352 ‘Maenole'
866 2285 1016 2370 Vngerus

58 2371 94 2433 in
116 2369 270 2434 analectis
291 2369 504 2455 Propertiams
525 2392 581 2457 pg.
602 2373 661 2455 533
689 2394 719 2436 v.
745 2369 927 2434 ‘Maenala'
949 2369 1016 2432 sive

60 2453 267 2538 ‘Maenalie'‚
293 2455 371 2520 mde
397 2455 500 2521 Aldus
527 2477 584 2540 per
616 2454 899 2538 interpolationem
933 2452 1017 2536 ‘Ny-

59 2539 183 2604 ctelie'.
212 2576 254 2586 —·
282 2543 386 2622 ‘apto’
413 2561 488 2623 nos,
518 2542 629 2623 ‘apte’
661 2561 690 2603 v.
724 2575 766 2585 -
797 2537 943 2600 Anniani
964 2537 1017 2600 vel

58 2621 172 2688 Sereni
199 2644 267 2688 esse
293 2622 349 2690 hoc
376 2645 505 2689 carmen
531 2645 599 2688 non
626 2622 778 2687 abhorret
803 2621 1016 2705 aprobabili-

57 2792 89 2857 5,
134 2791 258 2878 [Roma
273 2792 379 2878 Roma,
402 2815 496 2859 cerne
511 2795 632 2877 quanta
648 2790 690 2855 sit
707 2790 802 2855 deum
819 2788 1014 2876 benignitas]

124 2892 204 2958 Mar.
227 2893 310 2958 Vict.
333 2916 380 2980 pp.
397 2896 439 2960 70
460 2899 493 2959 et
513 2892 715 2978 Augustinus
738 2892 776 2956 de
798 2892 920 2956 musica
939 2891 980 2975 V,
997 2893 1015 2955 7

60 2982 93 3043 et
114 2979 240 3062 saepius
262 3000 321 3062 pro
344 2979 483 3063 exemplo
498 2978 676 3044 tetrametri
697 2976 853 3043 trochaici
868 2975 1015 3042 afferunt.

60 3061 209 3128 Getenrm
231 3063 396 3128 videndun
417 3064 480 3149 frg.
503 3065 532 3129 8.

60 3164 89 3228 6.
347 3165 491 3230 Inachiae
512 3165 638 3250 puellae

346 3263 396 3314 sec
416 3250 508 3316 bovis
530 3250 585 3315 ille
606 3253 722 3316 custos.

124 3349 195 3414 Ter.
219 3373 248 3415 v.
264 3349 349 3416 2525
370 3373 449 3436 sqqa
472 3356 505 3416 et
525 3351 728 3416 choriambus
750 3372 833 3414 unus
854 3347 1017 3433 praeditus

60 3433 248 3499 antibaccho
276 3434 428 3502 claudicat
460 3440 497 3501 ut
527 3437 659 3520 priores.
699 3435 808 3500 videro
842 3435 870 3498 si
896 3432 1017 3497 novelli

59 3540 168 3584 versus
190 3519 252 3583 erit
271 3523 394 3602 poetae.
