2356 3886
415 125 523 180 LIBER
543 125 688 180 PRIMVS.
865 118 870 130 ¹
1020 119 1042 182 9

53 287 236 351 Dicuntur
257 286 342 350 cives
364 287 526 369 quondam
546 287 684 370 migrare
706 287 808 352 coacti

111 370 263 434 Muribus
285 371 421 436 infestos
443 371 619 436 deseruisse
640 371 731 436 lares.
989 385 1040 432 290

65 455 212 520 Credere
233 456 400 520 maluerim
414 456 601 542 Pygmaeae
622 455 738 520 demna
759 455 901 521 cohortis

111 540 160 604 Et
181 540 364 606 coniuratos
386 541 421 604 in
443 541 606 606 11111111
627 561 730 625 grues.

64 624 170 689 Haud
184 626 298 708 procul
311 625 388 689 hinc
403 627 525 708 petitur
544 627 690 710 signatus
710 625 750 689 ab
763 623 901 690 Hercule
916 629 1040 709 portus.

112 709 313 794 Vergentem
335 711 480 794 sequitur
500 711 630 776 mollior
651 732 728 774 1111
750 709 842 774 diem.

68 794 164 859 Inter
185 797 363 859 castrorum
385 795 522 881 vestigia
543 816 648 860 sermo
670 795 786 859 retexit
988 807 1039 856 295

114 877 270 944 Sardoam
292 879 413 962 Lepido
435 881 666 965 praecipitante
687 879 808 964 fugam.
852 943 854 948 .

70 964 202 1028 Littorc
224 985 362 1048 namque
385 964 487 1030 Cosas
509 969 664 1051 cognatos
686 963 809 1047 depulit
830 963 939 1028 hostes

113 1047 277 1114 VIrtutem
301 1049 407 1116 Catuli
429 1049 533 1115 Roma
554 1053 663 1115 secute
684 1048 782 1114 ducis.

66 1133 132 1197 Ille
155 1137 264 1197 tamen
279 1133 419 1217 Lepidus
440 1135 546 1219 peior,
569 1135 716 1200 civilibus
738 1134 835 1198 ermis

116 1217 179 1294 Qui
201 1219 303 1303 gessit
324 1219 418 1284 sociis
441 1220 540 1303 impia
560 1220 646 1284 bella
666 1220 783 1284 tribus:
987 1231 1041 1280 300

65 1302 135 1378 Qui
157 1303 338 1368 libertatem
359 1303 536 1368 Mutinensi
550 1303 653 1368 Marte
674 1308 835 1387 receptam

117 1387 234 1452 Obruit
255 1389 398 1472 auxiliis,
420 1390 499 1452 urbe
521 1393 674 1472 pavente,
696 1389 799 1453 110111.
888 1414 890 1418 ’

66 1472 211 1538 Insidias
233 1473 305 1556 paci
325 1474 433 1538 moliri
454 1475 568 1537 tertius
591 1494 702 1556 ausus,

116 1557 277 1622 Tristibus
299 1559 425 1641 excepit
447 1579 590 1644 congrue
610 1557 678 1621 fata
699 1558 772 1622 reis.

68 1642 228 1725 Quartus,
253 1641 408 1707 Caesareo
430 1642 507 1706 dum
528 1644 598 1706 vult
618 1643 764 1725 inrepere
785 1662 901 1726 regno,
987 1654 1038 1702 305

114 1727 236 1791 Incesti
257 1749 395 1810 poenam
417 1728 514 1792 solvit
536 1728 692 1792 adulterii.

69 1811 105 1876 N
107 1833 172 1875 unc
187 1833 370 1896 quoque-
385 1813 442 1877 sed
455 1813 569 1877 melius
584 1812 623 1876 de
637 1812 757 1877 nostris
771 1811 858 1875 ferna
873 1813 1037 1895 queretur:

112 1896 214 1960 Iudex
236 1897 408 1980 posteritas
431 1899 554 1962 semina
576 1898 644 1962 dira
665 1901 764 1962 notet.

68 1981 269 2046 Nominibus
291 1986 394 2047 certos
416 1982 543 2047 credam
565 1982 730 2047 decurrere
751 1979 880 2046 mores?

115 2065 262 2130 Moribus
284 2088 326 2130 en
348 2068 456 2151 potius
477 2068 610 2133 nomina
632 2071 719 2132 certa
741 2067 832 2132 dari?
987 2077 1040 2125 310

72 2149 237 2234 Quidquid
258 2151 291 2215 id
314 2155 376 2236 est,
399 2153 499 2216 mirus
521 2152 622 2217 Latiis
644 2153 813 2218 annalibus
836 2151 931 2234 ordo,

118 2233 212 2308 Quod
233 2235 390 2319 Lepidum
411 2237 509 2302 toties
531 2239 662 2302 reccidit
683 2259 759 2302 ense
781 2237 909 2301 malum.

69 2319 105 2383 N
107 2340 144 2383 ec
166 2319 241 2384 dum
264 2319 413 2385 discussis
435 2323 550 2419 pelago
572 2323 788 2406 permittimur
809 2319 940 2384 umbris.

116 2403 220 2469 Natus
243 2406 349 2469 vicino
371 2410 489 2470 vertice
512 2411 626 2471 ventus
649 2406 747 2471 adest.

71 2487 231 2554 Tenditur
251 2489 287 2553 in
308 2489 428 2554 medias
449 2513 543 2555 mons
565 2490 778 2576 Argentarius
800 2487 902 2552 undas
987 2500 1037 2547 315

117 2575 327 2658 Ancipitique
350 2575 426 2659 iugo
450 2576 687 2640 011101101111
708 2572 833 2657 premit.

70 2657 284 2723 Transversos
306 2660 403 2724 colles
425 2660 477 2724 bis
498 2659 597 2724 ternis
619 2659 748 2723 milibus
770 2660 868 2738 artat3

116 2741 259 2807 Circuitu
281 2745 375 2828 ponti
396 2748 446 2808 ter
468 2743 615 2808 duodena
635 2746 738 2827 patet:

71 2825 183 2902 Qualis
205 2850 262 2912 per
284 2830 430 2914 geminos
452 2829 567 2893 fluctus
588 2828 770 2913 Ephyreius
791 2825 930 2890 isthmos

114 2911 222 2976 Ionias
243 2913 359 2980 bimari
382 2915 489 2979 littore
511 2913 605 2979 findit
626 2935 733 2998 aquas.
771 2955 773 2960 -
986 2923 1039 2971 320

71 2996 138 3061 Vix
160 2998 428 3064 circumvehimur
450 3020 578 3083 sparsae
601 2996 767 3082 dispendia
788 2995 893 3079 rupis3

114 3080 183 3146 Nec
205 3083 336 3147 11111011
357 3085 449 3169 gravi
470 3090 556 3149 11111
576 3084 685 3148 labore
708 3085 811 3164 caret:

71 3165 239 3232 Mutantur
260 3168 356 3233 toties
379 3171 467 3233 vario
490 3169 664 3253 spiramina
685 3166 778 3231 flexu.

116 3249 203 3325 Quae
225 3251 320 3316 modo
343 3253 533 3335 profuerant
553 3253 639 3336 vele,
661 3255 793 3335 repente
815 3253 943 3316 nocent.

71 3333 209 3400 Eminus
230 3335 318 3422 Igilii
341 3337 459 3402 silvosa
481 3337 647 3404 cacumina
667 3337 781 3402 miror:
985 3343 1036 3392 325

115 3418 217 3494 Quam
239 3421 385 3488 fraudare
407 3422 498 3487 nefas
519 3421 622 3487 leudis
643 3423 767 3488 honore
789 3441 875 3484 1111.
