2356 3886
180 169 221 233 14
552 173 768 228 ΝΑΜΑἸῚΑΝΡ

244 339 306 402 Ast
327 337 383 400 ubi
404 337 576 422 flagrantes
598 337 740 402 admovit
762 335 863 401 Sirius
885 337 991 421 ignes,

178 433 230 483 480
288 421 369 488 uum
390 421 515 506 pallent
535 421 668 505 herbae,
691 444 764 486 cum
786 420 854 485 sitIt
875 422 981 485 omnis
1003 443 1101 508 ager:

243 505 326 570 'lum
348 510 577 572 cataractarum
600 507 745 571 claustris
768 505 946 570 excluditur
967 529 1108 590 aequor,

287 590 335 655 Vt
355 591 436 656 fixos
457 592 568 656 latices
589 591 711 656 torrida
732 591 824 655 duret
845 590 971 654 humus.

244 675 441 760 Concipiunt
462 699 567 741 acrem
588 676 699 740 nativa
721 697 758 740 co
823 675 855 738 la
875 674 1062 759 Phoebum,
1158 701 1159 740 1

283 760 329 825 Et
350 762 456 845 gravis
479 761 599 826 aestivo
622 763 766 824 crustae
799 781 853 824 ore
876 760 955 844 coit3

177 857 227 907 485
241 845 337 910 Haud
352 845 445 910 aliter
457 868 554 929 quam
570 866 643 908 cum
657 845 759 930 glacie
774 845 858 929 riget
872 844 1022 909 horridus
1035 844 1159 924 Hister}

283 929 487 1014 Grandiaque
509 928 661 994 adstricto
683 928 816 996 flumine
837 930 981 1012 plaustra
1000 931 1105 995 vehit.
1158 925 1159 990 l

240 1014 387 1079 Rimetur
409 1014 522 1079 solitus
543 1018 676 1078 naturae
698 1013 876 1096 expendere
897 1035 1023 1098 causas,
1158 991 1159 1070 l

282 1101 385 1183 Inque
406 1099 477 1183 pari
499 1098 607 1181 dispar
627 1097 741 1163 fomite
764 1103 898 1181 quaerat
919 1121 1016 1182 opus:
1158 1091 1159 1164 l

242 1184 363 1249 Vincta
383 1183 505 1246 fluenta
526 1183 601 1267 gelu
623 1186 777 1266 concepto
800 1183 867 1247 sole
888 1183 1090 1268 liquescunt,
1158 1185 1159 1228 ³

175 1281 227 1330 490
282 1267 1008 1353 111111111111111111111111111111111111111.
1158 1259 1159 1338 Ῠ

240 1351 283 1435 Ο,
306 1374 402 1436 quam
424 1373 517 1437 saepe
538 1353 631 1418 malis
653 1356 824 1437 generatur
851 1353 942 1438 origo
964 1354 1159 1418 bonorumlf

173 1519 176 1526 Δ
281 1435 466 1520 Tempestas
487 1437 611 1502 dulcem
633 1438 711 1503 11111
732 1460 839 1502 amara
859 1459 997 1502 moram:

238 1520 425 1588 Victorinus
447 1522 552 1606 enim,
573 1527 702 1588 nostrae
724 1545 797 1606 pars
819 1523 958 1586 maxima
979 1525 1115 1607 mentis,

281 1605 463 1693 Congressu
485 1609 625 1692 explevit
645 1613 758 1683 mutua
779 1611 854 1672 vota
876 1629 943 1671 suo.

174 1703 225 1753 495
239 1691 410 1758 Errantem
432 1692 543 1757 Tuscis
565 1693 729 1758 considere
751 1692 907 1776 compulit
928 1693 1012 1776 agris

280 1777 334 1848 Et
346 1779 460 1844 colere'
473 1782 622 1843 externos
645 1780 738 1861 capta
759 1775 877 1842 Tolosa
897 1776 988 1841 lares.

236 1859 306 1926 Nec
326 1867 453 1927 tantum
474 1861 562 1925 duris
583 1861 683 1926 nituit
703 1861 861 1943 sapientia
881 1861 990 1925 rebus:

283 1947 418 2011 Pectore
439 1967 508 2009 non
529 1946 592 2010 alio
615 1945 818 2028 prosperiora
838 1945 923 2010 tulit.

237 2029 390 2095 Conscius
413 2029 558 2094 Oceanus
581 2031 751 2113 virtutum,
775 2030 903 2095 conscia
924 2029 1039 2115 Thyle,

174 2126 224 2175 500
280 2113 325 2177 Et
347 2134 564 2196 quaecumque
585 2114 678 2179 ferox
700 2137 776 2178 arva
798 2113 974 2179 Britannus
996 2120 1079 2180 arat:

239 2196 309 2274 Qua
329 2198 565 2281 praefectorum
586 2199 710 2264 vicibus
731 2199 858 2264 frenata
878 2203 1018 2282 potestas

282 2282 477 2367 Perpetuum
498 2304 531 2345 m
574 2285 609 2348 ni
631 2284 745 2349 faenus
767 2285 884 2349 amoris
906 2284 1012 2350 habet.

237 2367 427 2432 Extremum
447 2389 521 2450 pars
547 2368 601 2432 'la
622 2368 750 2453 quidem
772 2369 915 2434 discessit
936 2370 971 2434 in
993 2370 1116 2454 orbern,

283 2451 346 2518 Sed
366 2457 531 2535 tamquam
552 2453 657 2518 media
678 2458 783 2519 rector
804 2456 839 2519 in
862 2455 940 2518 urbe
962 2455 1031 2518 11111.

173 2550 225 2600 505
239 2537 317 2602 Plus
339 2539 495 2621 palmaest
516 2537 589 2603 illos
612 2539 697 2603 inter
718 2540 856 2604 voluisse
878 2539 1017 2623 plaeere,

277 2621 367 2686 Inter
390 2644 470 2706 quos
491 2623 599 2689 minor
621 2627 669 2688 est
691 2623 888 2708 displicuisse
910 2623 1021 2707 pudor.

236 2706 375 2771 Illustris
396 2729 500 2791 nuper
522 2731 628 2773 sacrae
651 2730 756 2773 comes
778 2709 904 2773 additus
926 2709 1016 2772 aulae

279 2791 481 2875 Contempsit
502 2815 643 2858 summos
665 2794 747 2858 ruris
770 2814 878 2858 amore
901 2793 1024 2876 gradus.

193 2897 195 2904 ’
234 2875 331 2941 Hunc
353 2896 413 2961 ego
436 2877 620 2959 complexus
642 2883 812 2944 ventorum
834 2875 967 2941 adversa
986 2877 1100 2962 fefelli,

172 2973 224 3022 510
279 2960 366 3025 Dum
388 2960 499 3025 videor
519 2961 643 3043 patriae
665 2964 730 3026 iam
751 2961 831 3024 1111111
852 2965 943 3044 parte
964 2962 1036 3026 frui.

235 3044 337 3111 Lutea
358 3045 653 3129 protulerat'sudos
676 3068 791 3110 aurora
812 3046 950 3131 iugales:

277 3133 456 3195 Antemnae
478 3129 567 3195 tendi
589 3129 708 3195 littoris
730 3152 808 3195 aura
831 3131 928 3196 iubet.

232 3215 427 3280 Inconcussa
448 3215 540 3279 vehIt
560 3216 753 3298 tranquillus
776 3215 930 3299 aplustria
950 3215 1055 3299 flatus,

276 3299 389 3365 Mollia
410 3322 521 3364 securo
544 3300 615 3364 vela
636 3299 770 3365 rudente
792 3304 944 3365 tremunt.
996 3365 998 3372 .

76 3425 82 3434 -
172 3399 222 3448 515
237 3385 393 3471 Adsurgit
413 3385 507 3468 ponti
528 3384 634 3449 medio
656 3385 841 3449 circumflua
863 3385 997 3466 Gorgon

276 3470 365 3536 Inter
386 3469 540 3550 Pisanum
563 3468 817 3552 Oyrnaicurnque
838 3469 932 3532 latus.
