2356 3886
464 193 635 251 SERENVS.
989 189 1030 254 47

60 359 129 425 Sed
158 357 245 423 enim
273 357 361 422 haud
387 357 433 420 im
456 355 643 421 robabiliter
670 356 783 422 statuit
810 356 1031 442 Westphalius

60 443 215 510 inlibris
237 442 275 507 de
297 463 331 506 re
353 442 393 506 rh
486 441 535 506 ica
555 441 750 506 Graecorum
771 446 794 507 t.
810 441 844 507 Π
864 443 955 529 pg.2
975 465 1030 530 pg.

64 528 131 594 129
160 527 247 593 hunc
273 548 332 610 per
359 547 499 591 errorem
528 529 561 590 et
581 524 749 610 deceptum
769 526 900 592 alterius
922 550 1032 594 versus

64 613 124 699 qui
145 612 233 677 haud
254 610 349 676 dubie
371 613 420 676 est
433 609 546 676 Sereni
567 610 777 675 similitudine
792 615 830 677 ut
842 616 922 697 puta
935 613 1032 678 huius

63 697 228 762 ‘animula
247 695 400 761 miserula
442 696 599 781 reperiter
620 695 715 760 abiit’
738 693 894 793 Septimio
917 697 1032 763 adscri-

66 783 170 867 psisse
192 785 331 846 metrum
345 718 441 865 quod
452 780 560 865 potius
582 803 602 844 a
623 781 838 866 grammaticis
859 782 968 847 latinis
990 784 1033 848 sit

64 888 252 952 expressum
279 865 320 929 ad
354 865 535 950 exemplum
568 865 684 930 Graeci
715 865 863 930 versiculi
895 867 951 951 qui
983 872 1032 932 est

63 956 136 1016 ‘lde
160 949 243 1035 μόλε
264 949 452 1034 ταχύποὸος
475 949 531 1015 ἐπὶ
553 948 655 1034 δέμας
677 949 836 1033 ἐλάφουῆ

66 1053 120 1118 13,
209 1051 333 1140 [nemus
355 1073 415 1116 ave
436 1051 574 1135 reticuit,
595 1071 673 1137 ager
693 1051 824 1117 homine
847 1052 930 1139 silet]

130 1153 236 1218 Affcrt
261 1151 384 1217 Marius
406 1151 593 1218 Victorinus
619 1173 694 1239 pgg.
725 1154 774 1218 70.
807 1153 876 1218 104.
907 1155 968 1220 134
995 1160 1032 1221 ut

65 1239 249 1324 exemplum
270 1237 448 1302 tetrametri
470 1237 744 1321 proceleusmatici
759 1238 943 1304 catalectici.
977 1238 1030 1304 Sc-

64 1344 146 1388 reno
173 1344 243 1387 non
270 1323 339 1387 sine
361 1322 466 1406 specie
487 1322 624 1406 quadam
639 1323 780 1388 tribuere
802 1322 897 1389 docti.
942 1323 1031 1390 Oete·

63 1429 139 1474 rum
159 1408 231 1473 loco
254 1406 356 1472 altero
378 1410 412 1471 et
431 1407 528 1471 tertio
550 1429 609 1490 pro
632 1407 737 1472 ‘silet'
761 1408 881 1494 legitur
902 1413 1030 1475 ‘sonat’.

63 1493 236 1610 Praeterea
262 1492 298 1556 in
324 1490 471 1556 Parisino
499 1491 583 1556 libro
616 1494 665 1555 cst
695 1492 814 1576 ubique
847 1494 928 1558 illud
956 1494 1031 1561 ‘ho-

63 1599 186 1727 lllllem
208 1628 214 1642 ⁸
280 1665 336 1726 aut
356 1660 505 1724 sonulam
527 1662 584 1724 aut
604 1659 703 1723 ricam
725 1664 902 1726 antaeum.

131 1761 258 1828 Nonius
279 1783 334 1848 pg.
349 1761 413 1827 539
435 1783 459 1826 s.
482 1784 512 1826 v.
535 1762 609 1826 rica.
645 1759 782 1826 Serenus
805 1784 824 1826 o
847 1764 1031 1829 osculorum
1084 1840 1085 1845 η

66 1848 179 1996 (ddlgo
201 1847 394 1966 ‘consculob
409 1846 464 1911 lib.
479 1846 505 1911 I.
526 1885 568 1894 -—
590 1844 772 1964 ‘Zonulamz
795 1868 812 1911 c
834 1847 874 1932 d.,
890 1849 1029 1914 ‘zonula'

65 1936 309 2081 {QX-libant
329 1953 428 1996 neam
449 1934 507 1996 aut
527 1953 619 1996 acum
659 1951 734 2016 ego,
779 1936 836 1996 aut
862 1955 954 1998 acum
976 1938 1032 1999 aut

67 2102 117 2167 15.
400 2101 522 2167 occatio
545 2100 764 2166 occaecatiost.

134 2184 262 2251 Nonius
283 2207 337 2272 pg.
361 2187 400 2251 61
424 2208 448 2251 s.
471 2208 501 2251 v.
525 2185 714 2252 occationis:
736 2184 883 2253 Serenus.
906 2228 949 2237 —
971 2188 1029 2253 Oc-

66 2270 228 2336 calionem
255 2271 295 2335 ab
325 2270 521 2336 occaecando
550 2270 667 2336 dictam
694 2271 762 2336 esse
784 2276 966 2337 auctorest
986 2271 1030 2336 M.

65 2353 192 2419 Tullius
215 2354 244 2419 d.
268 2375 333 2419 sen.
356 2354 428 2438 XV,
450 2356 503 2420 51.
548 2354 599 2420 of.
622 2360 655 2421 et
679 2355 821 2421 Isidorus
842 2355 947 2439 XVII,
968 2356 998 2420 2.

68 2441 119 2504 16.
307 2459 376 2503 non
397 2438 513 2524 dignus
535 2441 570 2504 in
592 2462 688 2524 quem
710 2439 841 2504 debeam

305 2527 446 2588 saturam
468 2524 625 2588 calentem
647 2524 820 2609 adcingier.

132 2606 239 2674 Schol.
262 2608 331 2673 Iuv.
355 2607 394 2672 ad
415 2606 538 2690 1111,2
565 2607 607 2671 ad
635 2611 757 2694 partes:
786 2607 903 2672 autad
924 2610 1030 2691 partes

67 2692 161 2778 quasi
183 2691 380 2774 comoediae,
395 2714 484 2790 ‘quae
506 2692 626 2756 multae
649 2695 726 2758 sunt
746 2693 781 2757 in
802 2713 891 2776 eum,
913 2693 1030 2756 autad

89 2780 174 2842 artes
196 2778 287 2862 quasi
308 2777 449 2842 convrvri
472 2779 505 2841 et
526 2776 740 2860 copulationis
761 2797 898 2841 mensae.
932 2777 978 2840 ita
999 2781 1032 2842 et

65 2801 206 2928 basonus
216 2861 392 2949 l‘Serenus’
409 2860 508 2946 docti)
524 2861 608 2926 libro
622 2861 655 2927 Π
669 2862 724 2927 ait.
739 2899 782 2910 -
797 2860 964 2926 ‘calentem
978 2861 1030 2926 ad-

68 2947 210 3032 cingier'
233 2967 304 3034 ego,
328 2947 470 3012 ‘calente
492 2946 525 3009 vi
546 2945 749 3032 adingerere'
775 2944 842 3010 cdd.

71 3049 121 3113 17.
405 3084 423 3104 ν
439 3093 461 3102 -
477 3081 495 3100 ν
521 3069 618 3112 suave
640 3047 769 3112 sibilum

130 3131 208 3197 Non
229 3153 283 3230 pg.
305 3132 384 3198 223:
412 3131 544 3198 sibilum
564 3136 680 3197 neutro
702 3136 740 3196 ut
760 3130 845 3215 apud
867 3129 1029 3198 Serenum.

68 3257 111 3265 —
132 3215 221 3282 Nota
242 3219 485 3302 srgrnatismum.

69 3320 118 3384 18.
360 3319 465 3404 (laeva
485 3339 599 3382 manus
619 3317 803 3404 infuderat).

356 3403 486 3468 ‘inferis
507 3425 606 3468 manu
627 3402 756 3469 sinistra

356 3487 557 3553 immolemus
578 3489 701 3573 pocula.
