2356 3886
549 161 720 218 SERENVS.

440 326 532 391 laeva
552 347 635 410 quae
657 324 745 392 vides
766 325 945 410 Lavernae,

441 409 581 476 Palladis
603 414 680 476 sunt
700 410 851 476 dexteru?

218 513 346 579 Barthii
374 516 609 578 commentator
635 510 677 576 ad
703 510 804 577 Theb.
825 511 907 596 llll,
929 512 993 578 502
1016 514 1127 597 ‘quod

155 598 268 664 inferis
289 597 351 663 diis
372 597 465 664 loeva
485 619 583 662 manu
604 596 843 662 immolaverint
869 595 1005 681 indicat,
1034 598 1128 682 quod

154 683 195 748 ad
215 683 388 768 poculenta
408 687 518 748 tamen
539 681 644 746 solum
665 681 884 767 intelligimus,
906 684 944 746 ut
964 681 1126 766 scriptum

157 771 207 832 est
227 767 313 852 apud
335 766 517 834 Serenum'.
561 764 659 850 Apud
679 764 955 852 Lindenbrogium
975 766 1061 832 haec
1082 767 1127 832 le-

156 857 279 939 guntur
300 852 459 936 adscripta
485 850 525 916 ad
551 851 659 915 locum
687 870 783 933 quem
809 850 875 915 dixi
897 850 970 933 ‘qui
992 851 1126 917 sinistra

155 959 254 1003 manu
281 937 477 1020 funduntur3
500 935 572 1000 lora
592 955 691 999 manu
712 934 875 1018 (³manus'
898 935 1000 1001 Paris.
1022 935 1125 1018 8063)

155 1022 325 1089 infuderat
354 1021 467 1088 inferis
488 1020 618 1086 sinistra
638 1041 737 1084 manu
757 1019 961 1096 immolamus
981 1022 1125 1104 poculn’.

156 1107 246 1174 Haec
269 1108 394 1172 etiarnsi
416 1127 456 1170 ex
482 1107 574 1189 porte
596 1102 724 1169 Barthii
746 1103 859 1170 dubiae
879 1104 954 1169 fidei
980 1105 1127 1171 hominis

155 1193 343 1258 testimonio
364 1191 522 1273 nitrmtur,
543 1191 653 1254 tamen
675 1189 861 1254 subtrahere
882 1211 952 1255 non
972 1191 1124 1256 sustinui.

156 1276 306 1343 Ceterum
332 1274 485 1340 dimetros
506 1273 660 1340 constitui
681 1296 740 1357 pro
761 1273 970 1360 tabremon-io,
993 1279 1026 1340 et
1049 1278 1127 1340 scri-

154 1361 205 1445 psi
227 1359 401 1425 ‘Palladis'
423 1380 483 1443 pro
504 1355 673 1424 ‘Palladio

157 1462 206 1526 19.
473 1459 667 1526 Semiremex
688 1459 852 1526 Hercules.

222 1544 352 1612 Servius
373 1545 414 1612 ad
437 1567 507 1612 aen.
523 1545 565 1629 V,
582 1546 658 1611 116:
681 1546 742 1610 erit
762 1545 980 1609 nominativus
1002 1567 1124 1612 remex.

156 1630 294 1697 Serenus
320 1635 330 1666 ‘
337 1653 362 1697 s.
384 1638 422 1697 r.'
451 1669 494 1679 -
526 1629 604 1697 cdd.
638 1629 826 1696 ‘Hercules’
856 1630 908 1694 val
936 1629 1125 1697 ‘Hercule’.

157 1715 257 1782 Docti
279 1716 410 1801 quidam
432 1715 625 1781 ‘Herculis’.
655 1715 749 1782 Prius
772 1715 905 1780 verbum
925 1721 1125 1800 corruptum.

155 1818 207 1884 20.
223 1817 386 1968 ΑΡἫΞΙΥΗ
390 1818 445 1884 ille
451 1838 563 1967 {clepo}
569 1837 663 1881 mane
678 1815 787 1968 dolebo4
788 1838 921 1966 ξειηὲθέ
938 1817 1082 1966 insonat]

156 1992 228 2053 tetr.
251 1925 484 2070 trocheicisqui
502 1923 655 2071 bgobldbsis
667 1921 772 2051 bibet.
829 1923 848 1965 a
872 1923 889 1965 e
943 1923 1057 1986 exemp
1071 1927 1128 1968 um

160 2089 211 2152 21.
261 2087 325 2152 tale
347 2087 440 2170 quale
463 2107 537 2151 vere
560 2086 650 2151 dulce
672 2087 781 2152 sibilat
801 2091 884 2152 teres
906 2086 1022 2176 donax]

292 2221 300 2236 .
321 2171 482 2260 Victpg.
506 2170 576 2256 114,
598 2172 652 2236 At
674 2170 763 2238 Fort.
783 2171 848 2237 344
869 2171 940 2255 (ubi
961 2176 1010 2237 est
1031 2179 1127 2239 ‘vere

158 2256 298 2342 primo’)
319 2259 448 2341 ponunt
468 2257 650 2340 exemplum
670 2257 744 2340 puri
758 2256 936 2322 tetrametri
956 2257 1127 2324 trochaici.

219 2340 289 2406 Hos
303 2361 422 2423 versus,
438 2340 466 2405 si
480 2345 556 2406 sunt
567 2340 688 2426 Sereni,
701 2341 870 2407 continuos
884 2341 1007 2426 positos
1021 2341 1128 2409 fuisse

157 2426 343 2491 existimem.

155 2511 207 2575 22.
530 2511 658 2595 pusioni
679 2533 752 2577 meo

530 2619 563 2662 se
586 2596 715 2662 tuennis
736 2596 841 2662 cadus

219 2679 392 2746 Diomedes
414 2701 467 2766 pg.
483 2681 546 2747 516
563 2619 705 2748 I§crenus
726 2683 845 2747 mirum
866 2701 991 2746 comma
1012 2681 1129 2746 huius-

157 2764 245 2829 modi
268 2764 347 2830 fecit
367 2765 403 2829 in
424 2767 475 2830 his
497 2767 676 2834 versiculis:
721 2766 828 2833 usioni
843 2788 869 2831 e.
910 2787 956 2830 .s.
980 2803 1022 2813 -
1043 2765 1130 2833 haec

159 2847 295 2915 dimetro
316 2872 356 2915 ex
377 2850 508 2934 epitrito
530 2856 614 2916 sunt.
635 2889 679 2902 -—
697 2789 785 2937 ligre
812 2851 839 2914 'e
852 2849 899 2914 fel
915 2849 977 2914 'tur
990 2848 1129 2916 Diome-

158 2932 222 2998 des.
251 2973 293 2982 -
321 2935 482 3032 ‘pusioni’
505 2934 708 3001 Monacensis
729 2958 771 3000 m.
820 2984 830 3018 ‚
859 2934 1013 3000 ‘iusioni’
1037 2935 1130 3002 idem

158 3040 200 3083 m.
226 3021 260 3102 1,
294 3019 446 3085 ‘visioni'
473 3019 547 3084 libri
578 3019 733 3102 Parisini3
769 3023 933 3102 practerea
963 3020 1000 3083 in
1032 3019 1129 3086 libris

159 3102 287 3188 scriptis
309 3108 358 3169 est
378 3104 577 3190 ‘septucnis'
605 3108 639 3169 et
664 3105 700 3170 in
720 3102 820 3168 isdem
847 3104 1007 3188 ‘cadens’,
1036 3107 1129 3189 quod

158 3188 297 3254 correxit
316 3188 431 3254 vitium
452 3188 630 3274 Scioppius.

158 3290 208 3358 23.
262 3291 340 3355 Iane
352 3293 459 3374 pater,
473 3289 551 3356 Iane
565 3293 675 3372 tuens,
690 3288 762 3354 dive
776 3289 899 3374 biceps,
914 3287 1079 3374 biforme,

264 3398 284 3440 o
306 3376 375 3438 cate
397 3393 505 3437 rerum
526 3376 627 3456 sator,
649 3394 669 3437 o
690 3373 885 3456 principium
906 3372 1057 3456 deorum,

263 3456 396 3526 undula
417 3456 469 3520 cui
489 3455 617 3536 limina,
640 3455 692 3519 cui
713 3453 854 3521 cardinci
875 3456 1049 3542 tumultus,
