2356 3886
617 12 627 47 Ι

167 198 211 261 40
550 199 749 257 ANNIANVS.

168 387 242 430 oum
264 368 373 450 aperte
394 363 464 429 solo
486 363 530 428 sit
550 385 627 430 usus
641 363 755 429 Mauro
775 364 838 428 hoo
860 364 958 430 etiam
973 345 1140 430 Faliscum

168 450 246 516 dioit
267 453 413 514 metrum.
449 448 585 515 Aeoedit
605 448 691 534 quod
706 448 893 514 Victorinus
915 449 1062 515 eiusdem
1084 451 1140 514 Te-

167 534 308 600 rentieni
322 535 429 599 verbis
443 533 594 617 deeeptus
608 533 845 619 paroemiaeum
856 554 985 618 quoque
996 539 1139 600 metrum

168 619 246 686 dieit
266 618 427 684 Faliscum
447 619 633 684 vocitatum.

234 703 323 781 Quae
344 705 372 770 si
393 707 478 769 reete
500 703 662 787 disputata
683 723 751 767 esse
773 701 977 788 videbuntur,
999 725 1020 768 a
1042 709 1138 788 paret

168 790 264 854 simul
290 788 522 874 quadamtenus
550 787 683 871 inverti,
731 808 792 852 uae
818 786 978 852 Henriens
1041 789 1138 853 silius

168 875 473 1026 tqtttttt
487 872 1138 1023 sustinentem

169 1045 315 1143 exemplo
343 1045 384 1109 ab
412 1044 483 1127 ipso
505 1046 542 1106 ut
562 1041 690 1107 videtur
711 1043 848 1106 eonfioto
872 1041 986 1127 ‘siqua
1006 1042 1137 1128 flagella

132 1152 134 1165 ·
168 1131 294 1216 iugeb1s
320 1132 395 1194 ante
422 1131 535 1211 putare
563 1126 678 1196 deoet’,
702 1131 811 1211 operte
842 1126 959 1210 prodat
984 1127 1136 1210 peritiam

167 1236 278 1279 versus
305 1212 361 1296 qui
387 1215 436 1277 est
464 1211 573 1295 ‘siqua
599 1211 728 1297 flagella
752 1212 844 1296 iuges
866 1211 912 1275 ita
933 1210 1038 1297 inga',
1062 1211 1137 1275 Kei-

167 1299 230 1363 lius
251 1318 305 1382 pg.
324 1297 363 1361 19
385 1318 458 1361 eum
472 1295 592 1362 Sereno
614 1295 825 1380 posteriorem
846 1317 915 1360 esse
936 1295 1018 1361 dixit
1039 1301 1137 1380 atque

169 1382 248 1447 adeo
271 1380 390 1446 saeculi
410 1379 460 1446 ΠΙ
480 1381 539 1446 fini
560 1381 612 1447 vel
634 1381 729 1446 initio
752 1381 858 1465 quarti
879 1380 1135 1446 adscribendum.

168 1465 231 1532 Sed
253 1465 340 1530 enim
361 1465 388 1530 si
410 1466 556 1531 Anniani
577 1470 626 1532 est
646 1469 785 1531 metrum
806 1465 900 1548 istud,
922 1465 1006 1530 nihil
1028 1467 1137 1532 obstat

168 1551 249 1636 quin
280 1551 394 1615 Iubam
426 1550 661 1635 Hephaestioni
692 1550 760 1615 fere
792 1550 958 1634 aequalem
990 1550 1054 1615 hoo
1090 1557 1136 1616 est

169 1636 253 1704 eirea
266 1637 364 1701 finem
379 1636 497 1702 saeculi
534 1635 729 1702 raeoedentis
744 1634 890 1700 floruisse
905 1635 1133 1700 existimemus.

168 1721 213 1787 nt
234 1721 336 1787 tutius
359 1721 434 1806 erit,
456 1721 492 1785 ni
510 1659 620 1804 iallor‚
642 1757 685 1768 —
706 1724 744 1785 ut
764 1719 800 1784 in
820 1741 856 1784 re
877 1718 999 1785 ineerta
1019 1755 1062 1767 -
1086 1721 1136 1784 Iu-

168 1808 258 1892 bam,
288 1807 344 1892 qui
366 1805 536 1873 Victorino
564 1808 648 1869 teste
678 1803 742 1902 [pg.
768 1802 840 1892 127]
869 1803 954 1868 inter
984 1806 1135 1871 metricos

170 1893 394 1957 auctoritatem
406 1891 531 1974 primae
546 1888 737 1953 eruditioms
753 1889 903 1973 obtinuit,
918 1910 1015 1972 quam
1029 1893 1136 1972 potest

167 1977 237 2041 fieri
258 1975 481 2059 antiquissimo
503 1972 640 2038 eriseribi
661 1974 808 2057 tempori.

231 2059 344 2144 Longe
375 2058 552 2142 expeditior
583 2079 634 2122 res
667 2061 716 2122 est
745 2061 781 2122 in
812 2058 913 2122 altero
946 2056 1131 2123 Terentiam

167 2143 368 2224 testimonio,
392 2142 478 2227 quod
498 2142 636 2207 habetur
657 2142 714 2206 ubi
741 2143 935 2227 paroemiaoi
956 2143 1048 2207 affert
1070 2165 1133 2208 me-

167 2227 211 2292 tri
233 2225 387 2308 exempla.
430 2225 481 2290 Ibi
501 2227 581 2292 haee
602 2227 755 2313 leguntur
775 2249 827 2293 vv.
852 2228 934 2293 1816
956 2249 1041 2312 sqq.:

372 2313 468 2394 atque
489 2310 544 2376 ille
566 2315 662 2396 poeta
683 2311 827 2377 Faiisons

372 2417 445 2460 oum
466 2395 589 2461 ludicra
610 2397 752 2463 earmina
772 2398 887 2484 pangit

242 2482 866 2568 “mmmmfflw

371 2569 404 2630 et
424 2569 474 2630 ter
493 2567 581 2632 feror
603 2570 635 2632 et
656 2572 769 2652 quater
790 2573 904 2634 anno’.

369 2651 453 2715 libro
475 2671 603 2737 quoque
625 2651 707 2716 dixit
728 2652 840 2719 eodem

370 2733 487 2819 eunde,
509 2736 595 2802 unde
617 2737 774 2802 colonus?
795 2737 858 2803 Eoi

371 2842 391 2884 a
411 2819 544 2886 flumine
566 2822 657 2886 venit
678 2819 818 2888 Oronti.’

170 2903 297 2989 Nempe
324 2904 404 2971 haee
431 2905 520 3003 salva
540 2904 715 3006 Latinitate
737 2905 850 2970 referri
870 2927 964 3006 posse
985 2905 1025 2971 od
1045 2904 1134 3005 Sere-

167 2987 665 3158 nteeutttsttn
685 2988 1134 3172 itffltttifffi

169 3158 242 3224 ideo
269 3163 356 3226 reete
378 3159 502 3224 dicetur
523 3162 620 3242 poeta
640 3157 806 3223 Fehsous?
838 3156 1072 3245 Qu1shereule,
1094 3167 1133 3228 ut

169 3245 232 3309 hoo
246 3244 393 3329 exemplo
408 3247 489 3328 utar,
513 3265 586 3309 eum
601 3243 657 3328 qui
671 3239 824 3324 Λοκρικὰ
840 3239 969 3329 ᾅσματα
990 3245 1133 3311 imitetur

169 3332 358 3416 argumento
381 3331 477 3410 atque
492 3326 571 3392 adeo
591 3326 801 3409 inscriptione
815 3327 887 3393 ideo
901 3326 1037 3394 Loemm
1055 3353 1132 3413 poe-

167 3419 235 3480 tam
255 3410 461 3479 nominabit?
493 3409 571 3485 Quis
592 3409 767 3474 Horatium
788 3412 939 3476 Aeolium
960 3433 1001 3497 sp
1024 3413 1132 3483 ellavit

168 3504 283 3584 vetem,
306 3497 382 3584 quia
402 3493 580 3578 prinoipem
602 3512 636 3555 se
650 3492 801 3557 Aeolium
823 3515 950 3558 carmen
1029 3496 1127 3567 Italos
1166 3503 1167 3508 ’
