2356 3886
158 163 200 229 26
444 164 666 224 HADRIANVS.
694 165 842 223 FLORVS.

158 331 306 397 meliores
338 331 416 395 fecit
447 333 481 395 et
508 329 654 396 Graecos.
690 368 732 378 -
767 329 848 395 Post
874 351 905 394 v.
931 329 953 395 4
985 329 1119 396 fortasse
1159 375 1160 432 ,

158 415 314 500 quaedam
335 415 451 482 lacuna
470 415 595 480 hausta

221 499 354 565 Praeter
368 501 447 565 haec
462 521 543 583 quae
564 504 649 564 reete
671 498 854 564 tribuantur
867 497 1033 564 Hadriano
1057 520 1120 564 car·

158 585 247 651 mina
260 585 377 651 Latine
396 606 465 650 non
486 588 605 650 entant.
634 583 720 649 Nam
733 583 797 648 tale
819 587 876 648 ‘ut
893 583 972 648 belli
986 605 1120 650 sonuere

157 670 270 735 tubae’
294 673 328 734 et
347 670 480 753 parodie
502 670 570 734 eius
593 669 711 752 ‘Alma
726 667 849 753 Theon,
864 665 1015 753 Thyrsis'
1038 667 1120 766 [210.

157 754 220 820 253
242 753 299 842 M]
328 776 401 819 cum
427 755 518 820 nulla
544 753 611 818 fere
639 754 897 818 membranarum
931 757 1121 819 auctoritate

157 838 265 904 addita
285 839 351 906 sint
364 839 530 905 Hadriano
552 839 642 924 (nam
662 836 804 902 codicem
823 837 1006 904 Parisinum
1028 837 1121 921 6630,

157 925 283 990 saeculo
311 925 340 990 si
369 924 418 989 dis
445 925 550 1008 placet
580 921 660 986 XIII
686 921 906 1006 tribuendum,
934 922 970 987 in
997 944 1064 1007 quo
1092 927 1122 987 et
1160 957 1161 970 2

156 1009 236 1076 haec
262 1013 411 1093 poemata
438 1013 471 1073 et
497 1006 578 1071 illud
607 1004 841 1091 ‘Borysthenes
871 1007 1013 1072 Alanus’
1047 1008 1122 1072 huic
1160 1017 1161 1026 ’

157 1093 317 1178 adscripta
338 1115 406 1158 esse
427 1095 563 1158 testatur
585 1091 750 1176 catalogus
762 1113 833 1157 non
844 1091 968 1175 moror)
990 1091 1120 1158 silentio

156 1179 336 1261 mittemus3
351 1199 411 1242 nec
425 1176 532 1242 minus
546 1175 604 1240 ille
618 1174 764 1240 ‘Mantua
777 1176 818 1240 da
831 1177 984 1260 veniam’,
1000 1174 1120 1242 ‘Thrax

155 1286 236 1347 puer
257 1262 428 1327 adstricto’
451 1259 534 1348 [554.
550 1259 614 1348 69]‚
637 1260 784 1344 equibus
806 1261 868 1326 hoo
888 1283 930 1326 ne
951 1261 1122 1346 antiquum

157 1346 286 1430 quidem
307 1345 409 1410 videri
431 1345 587 1411 assentior
608 1343 794 1411 Schradero.
827 1345 975 1430 Denique
998 1350 1121 1412 restant

156 1429 381 1515 inscriptiones
397 1430 477 1496 duae
500 1430 572 1496 ‘ille
593 1451 654 1517 ego
669 1430 863 1496 Pannoniis’
887 1434 920 1496 et
935 1429 1120 1516 ‘Borysthe-

156 1536 214 1580 nes
234 1515 386 1599 Alanus’,
417 1537 553 1600 querum
580 1517 671 1601 origo
700 1519 737 1580 ut
763 1516 885 1580 incerto
912 1515 989 1580 satis
1011 1520 1120 1580 tamen

156 1603 303 1683 suspecta
331 1603 364 1665 et
384 1601 425 1665 ab
445 1600 611 1667 Hadriano
633 1602 744 1684 utique
771 1600 885 1665 aliena.
930 1598 1010 1676 Quis
1032 1601 1119 1665 enim

155 1685 283 1769 putabit
303 1684 468 1752 hominem
482 1686 693 1751 cultissimum
708 1684 938 1751 Graeculorum
959 1706 1048 1750 serae
1071 1707 1120 1750 ae·

156 1769 231 1834 talis
258 1769 309 1834 vel
335 1770 508 1854 aliquando
535 1769 755 1834 Romanorum
781 1791 870 1835 more
899 1768 951 1856 [cf.
974 1769 1052 1835 dr.
1075 1792 1117 1834 m.

155 1853 220 1920 355
264 1876 384 1920 nomen
416 1877 509 1920 suum
541 1853 755 1919 choriambica
787 1875 936 1919 mensura
968 1854 1118 1919 extulisse

169 1937 211 2002 20
236 1988 246 2022 ,
273 1937 304 2026 3]
311 1989 321 2023 ,
352 1942 408 2003 aut
438 1938 575 2004 nocendi
607 1939 740 2003 verbum
766 1939 907 2003 iunxisse
936 1939 1116 2012 accusativo
1162 1948 1163 1952 ’

117 2073 120 2080 ,
168 2021 242 2106 211,
259 2021 300 2110 7],
322 2026 378 2086 aut
398 2023 750 2107 versusAristcphenei
770 2023 957 2088 trochaeum
977 2023 1118 2107 priorem

154 2107 292 2172 violasse
322 2129 337 2170 s
360 2106 463 2171 ondeo
493 2106 546 2193 [ib.
568 2105 601 2194 4]
624 2111 657 2172 et
677 2107 763 2172 illius
784 2108 905 2190 pariter
926 2112 1022 2192 atque
1044 2130 1118 2172 ana-

155 2191 297 2257 creontei
350 2193 532 2256 ternantem
551 2191 666 2256 seriem
680 2191 822 2257 confusis
842 2193 952 2258 metris
974 2193 1117 2258 turbasse

156 2277 239 2342 sicut
266 2275 374 2341 evenit
400 2274 437 2340 in
458 2275 687 2361 epigrammate
709 2275 748 2340 de
769 2274 981 2360 Borysthene.
1025 2276 1118 2354 Quod

156 2360 305 2445 equidem
330 2363 410 2444 puto
438 2360 651 2446 compositum
678 2360 718 2426 ab
746 2382 800 2445 eo,
829 2362 884 2445 qui
906 2361 1060 2447 Mysiam,
1081 2363 1117 2428 in

156 2467 220 2529 qua
240 2445 440 2511 Hadrianum
461 2444 626 2526 venationi
648 2445 817 2512 indulsisse
838 2446 937 2512 refert
958 2445 1038 2530 Dic,
1059 2470 1115 2531 pu-

155 2534 239 2595 taret
259 2530 431 2614 Moesiam,
453 2552 527 2596 oum
547 2530 655 2614 potius
677 2532 719 2596 sit
739 2532 836 2596 Asiae
857 2532 957 2618 regio.

357 2785 403 2861 Π.
442 2785 488 2861 Ῥ.
515 2785 696 2860 ANNlVS
722 2785 914 2862 FLORVS.

220 2949 380 3016 Dixerunt
403 2950 441 3017 de
455 2951 553 3018 Floro
575 2952 707 3020 Iahnius
729 2957 762 3018 et
775 2951 958 3037 Muellerus,
982 2976 1117 3038 quorum

155 3035 283 3119 utrique
311 3035 441 3102 Ottonis
468 3040 517 3102 est
543 3058 738 3120 praenomen
780 3036 835 3102 ille
857 3038 893 3102 in
918 3040 1116 3123 praefatione

155 3120 312 3185 librorum
333 3121 480 3188 historici
493 3120 583 3186 mori
605 3144 626 3205 p
674 3085 887 3188 ‚XIIXVIIII
908 3145 987 3208 sqq,
1010 3124 1061 3189 hic
1082 3125 1117 3189 in

155 3204 378 3303 dissertatione
400 3206 438 3272 de
452 3205 490 3271 P.
505 3206 615 3271 Annio
628 3143 734 3272 fiMore
755 3212 853 3291 poeta
873 3230 901 3273 a.
920 3209 1000 3274 1855
1021 3207 1117 3274 Bero-

155 3290 216 3356 lini
237 3289 323 3355 edita
343 3310 419 3376 pgg.
442 3291 463 3356 6
485 3313 554 3375 sqq.

218 3375 255 3442 P.
278 3375 405 3440 Annius
432 3374 546 3440 Florus
573 3377 663 3442 cuius
686 3375 917 3442 dissertationis
940 3397 1003 3460 qua
1024 3398 1117 3474 quae-

155 3460 238 3528 ritur
251 3460 415 3547 Vergilius
437 3463 545 3526 utrum
568 3461 747 3528 oratoribus
769 3461 872 3546 magis
894 3482 937 3525 an
957 3466 1060 3544 poete
1075 3465 1119 3530 sit
