2356 3886
385 188 493 242 LIBER
513 187 658 243 PRIMVS.

15 351 104 436 Ipsi
128 371 162 413 se
184 349 359 414 monachos
381 349 479 414 Graio
502 351 693 435 cognomine
716 351 841 435 dieunt,

79 433 175 512 Quod
197 433 257 498 soli
278 435 368 500 nullo
391 436 498 499 vivere
520 439 601 499 teste
623 436 746 500 volunt.

17 521 175 585 Munera
195 518 344 584 fortunae
367 523 531 603 metuunt,
555 518 630 583 dum
652 518 768 585 damna
790 523 949 585 verentur.

81 604 261 686 Quisquam
283 608 397 688 sponte
419 605 529 688 miser,
551 626 592 668 ne
614 605 711 668 miser
732 627 799 669 esse
822 605 941 690 queat?

23 690 204 766 Quaenam
225 689 367 772 perversi
389 690 493 754 rabies
514 693 583 754 tam
603 688 701 753 stulta
721 691 857 772 cerebri,
954 702 1004 750 445

76 774 169 839 Dum
189 773 274 837 11111
294 773 461 858 formides,
484 795 544 838 neo
565 775 651 838 bona
671 795 765 857 posse
787 775 878 857 pati‘?

25 860 112 925 Sive
135 879 208 923 suas
230 862 381 940 repetunt
401 858 542 923 fatorum
563 881 598 922 er
621 859 724 922 astula
745 879 880 941 poenas,

77 943 201 1008 Tristia
221 964 277 1006 seu
298 943 392 1028 nigro
415 944 537 1007 viscera
557 879 633 1007 felle
654 947 789 1012 tument.

29 1029 92 1094 Sic
114 1027 234 1092 nimiae
256 1027 330 1092 bilis
352 1029 499 1092 morbum
521 1029 699 1112 assignavit
720 1027 879 1092 Homerus

81 1111 365 1195 Bellerophonteis
387 1112 674 1176 sollicitudinibus:
956 1124 1007 1172 450

29 1199 126 1263 Nam
147 1196 257 1260 iuveni
280 1197 401 1262 offenso
424 1198 510 1261 saevi
531 1201 606 1280 post
626 1197 691 1261 tela
713 1197 831 1261 doloris

79 1281 210 1347 Dicitur
230 1281 408 1346 humanum
430 1281 477 1344 dis
500 1282 627 1346 licuisse
650 1303 760 1366 genus.

30 1368 77 1432 In
101 1365 365 1448 Volaterranum,
389 1387 464 1430 vero
520 1367 580 1430 ada
600 1367 747 1449 nomine,
769 1369 907 1430 tractum

79 1452 249 1536 Ingressus
273 1450 361 1515 dubii
382 1451 519 1515 tramitis
541 1451 607 1514 alta
628 1450 711 1534 lego.

35 1537 216 1620 Despectat
236 1557 352 1618 prorae
374 1539 481 1599 custos
503 1535 691 1616 clavumque
714 1537 900 1616 sequentem
957 1546 1006 1594 455

80 1621 205 1706 Dirigit
227 1625 259 1685 et
279 1619 414 1718 puppim
436 1641 514 1684 voce
536 1622 688 1684 monente
705 1617 802 1704 regit.

34 1708 183 1772 incertas
206 1727 335 1790 gemina
356 1704 555 1769 discriminat
576 1704 689 1767 arbore
711 1703 818 1767 fauces

80 1791 274 1874 Defixasque
298 1790 391 1854 offert
412 1789 503 1853 limes
525 1792 659 1871 uterque
681 1787 789 1851 sudes:

37 1876 111 1941 Illis
133 1897 281 1958 proceras
303 1895 373 1938 mos
396 1878 445 1938 est
466 1873 633 1938 adnectere
655 1873 762 1937 lauros

35 1966 38 1972 '
84 1960 281 2043 Conspicuas
302 1960 400 2023 ramis
423 1964 456 2024 et
475 1959 648 2024 fruticante
670 1980 776 2041 coma,
958 1969 1008 2018 460

37 2045 87 2111 Vt
109 2045 282 2128 praebente
305 2043 390 2108 viam
413 2043 503 2108 densi
523 2043 727 2129 symplegade
748 2043 820 2107 limi
1000 2055 1001 2062 ’

84 2128 198 2194 Servet
219 2128 392 2193 inoffensas
414 2130 528 2193 semita
550 2129 635 2192 clara
656 2133 762 2194 notas.

40 2215 116 2279 Illic
137 2235 187 2278 me
209 2213 339 2278 rabidus
361 2215 535 2278 consistere
559 2213 660 2279 Corus
683 2213 804 2298 adegit,

86 2297 196 2373 Qualis
219 2299 372 2362 silvarum
392 2297 541 2384 frangere
563 2298 664 2362 lustra
685 2299 776 2362 solet.

38 2383 109 2448 Vix
130 2384 192 2447 tuti
215 2383 361 2447 domibus
383 2404 494 2447 saevos
516 2382 723 2447 toleravimus
745 2381 871 2445 imbres.
959 2391 1008 2440 415

84 2467 197 2531 Albini
218 2468 323 2551 patuit
344 2467 490 2550 proxima
511 2468 588 2531 villa
608 2467 680 2530 mei.

39 2551 190 2635 Namque
212 2573 317 2633 meus,
340 2573 436 2635 quem
457 2551 561 2616 Roma
581 2572 653 2614 meo
675 2547 840 2612 subiunxit
861 2547 993 2629 honori,

85 2636 150 2700 Per
171 2659 266 2720 quem
288 2636 359 2699 iura
380 2657 468 2699 meae
491 2636 679 2700 continuata
700 2637 804 2716 togae.

42 2720 122 2786 Non
145 2723 342 2804 exspectatos
364 2721 512 2803 pensavit
534 2717 680 2782 laudibus
703 2738 820 2800 annos,

85 2805 181 2870 Vitae
204 2805 281 2869 flore
303 2827 398 2888 puer,
421 2805 476 2867 sed
498 2805 654 2888 gravitate
677 2823 783 2866 senex.
958 2814 1009 2862 470

41 2889 159 2954 Mutua
180 2911 348 2975 germanos
370 2888 476 2953 iunxit
497 2887 676 2952 reverentia
697 2907 817 2968 mores,

84 2974 130 3039 Et
150 2974 243 3039 favor
264 2974 395 3039 alternis
417 2973 516 3038 crevit
537 2972 694 3038 amicitiis.

42 3059 202 3124 Praetulit
223 3059 277 3123 ille
299 3081 398 3142 meas,
422 3080 494 3126 cum
516 3059 642 3123 vincere
664 3057 787 3139 posset,
808 3055 965 3119 habenas:

86 3146 132 3208 At
153 3143 326 3208 decessoris
347 3145 450 3208 maior
471 3165 578 3208 amore
600 3141 671 3206 fuit.

45 3229 210 3295 Subiectas
232 3227 327 3292 villae
349 3232 441 3293 vacat
462 3232 623 3313 aspectare
646 3224 779 3288 salinas:
960 3238 1010 3284 411

87 3313 234 3398 Namque
255 3311 318 3377 hoo
339 3315 486 3378 censetur
505 3313 636 3378 nomine
659 3309 742 3373 salsa
763 3309 870 3393 palus,

47 3399 117 3474 Qua
137 3421 224 3462 mare
245 3397 380 3462 terrenis
402 3397 523 3464 declive
545 3395 710 3463 canalibus
732 3395 846 3478 intrat,

88 3483 327 3566 Multifidasque
349 3481 436 3546 lacus
458 3482 592 3566 parvula
613 3481 699 3546 fossa
719 3481 813 3566 rigat.
