2356 3886
437 205 608 262 SERENVS.
964 201 1007 266 49

170 369 222 432 cui
242 372 382 433 reserata
403 368 554 453 mugiunt
576 390 672 433 aurea
693 369 831 433 claustra
852 369 978 453 mundi,

169 453 230 516 tibi
251 457 343 517 vetus
365 475 420 517 ara
442 453 540 518 caluit
561 453 760 539 Aborigineo
783 453 909 519 sacello.

104 538 317 602 Terentianus
345 561 396 602 vv.
428 538 508 604 1889
536 561 604 622 sqq.
638 543 809 622 postquam
838 539 1007 623 descripsit

30 623 294 690 choriambicum
316 622 411 706 illud,
440 645 505 707 quo
526 625 630 706 prima
651 645 709 687 usa
731 622 861 707 Sappho
889 623 1011 688 ‘desire'

31 733 107 775 νυν
130 705 233 789 ἅβραι
247 705 388 791 Χάριτες
410 710 612 791 καλλίκομοί
629 730 665 772 τε
680 711 837 791 Μοῖσαι’,
860 708 939 772 haec
954 709 1007 772 ad·

30 795 101 858 dit:
130 792 186 875 qui
215 791 335 856 multos
363 793 484 878 legere,
513 795 635 877 negant
661 792 724 856 hoc
751 813 884 875 corpore
912 794 1006 857 metri

30 879 204 943 Romanos
239 876 360 960 aliquid
392 882 515 942 veteres
548 877 710 961 scripsisse
743 881 863 960 poetas.
901 877 1006 941 dulcia

31 961 215 1046 Septimius
238 962 294 1045 qui
309 962 436 1044 scripsit
450 961 603 1047 opuscula
617 984 662 1026 nu
687 983 729 1044 er,
752 961 926 1044 ancipitem
947 962 1005 1026 tali

30 1045 182 1113 cantavit
204 1047 344 1110 carmine
364 1046 488 1111 Ianum.
533 1047 617 1112 Tum
638 1070 657 1111 a
690 1046 751 1111 etis
773 1068 824 1110 vv.
850 1045 939 1110 1-4
961 1047 1005 1111 sio

30 1131 161 1217 pergit:
195 1151 266 1194 ecce
300 1131 387 1194 vides
420 1137 454 1196 to
485 1134 632 1215 mopinot
657 1153 725 1196 esse
757 1131 837 1195 duos
866 1131 1004 1195 iambos:

30 1215 238 1301 temporibus
259 1237 397 1300 namque
419 1236 511 1300 pares
534 1238 627 1301 saepe
650 1217 711 1281 sibi
733 1215 873 1281 dicissim
895 1216 1005 1280 cedere

31 1302 92 1367 vel
113 1299 301 1383 tribrachyn
323 1301 490 1398 admittere
505 1323 611 1398 ‘saepe
638 1305 775 1385 possunt
789 1306 807 1399 f
814 1301 874 1366 tibi
896 1304 1003 1365 vetus'

32 1407 152 1536 3833
165 1383 373 1551 diffidit
387 1385 1006 1554 trigirrrrrtssbtdatir

31 1555 125 1641 apud
140 1553 276 1618 eundem
291 1555 321 1620 le
348 1555 414 1636 ‘tur‘
424 1577 453 1620 v.
469 1555 491 1618 4
511 1554 591 1618 illud
614 1555 768 1637 ‘templa'
790 1576 849 1640 pro
865 1577 903 1619 eo
919 1555 1005 1639 quod

32 1645 88 1706 est
110 1638 294 1722 ‘clausurae
333 1644 453 1704 ortesse
467 1639 595 1722 rectius,
610 1639 772 1702 firmatum
794 1643 878 1703 certe
901 1661 1004 1703 exem-

31 1727 92 1810 plo
108 1722 260 1804 Lucretii,
283 1724 370 1807 quod
391 1725 552 1788 imitatum
574 1745 642 1788 esse
657 1722 812 1788 Serenum
833 1723 927 1787 facile
948 1746 1005 1807 po·

31 1814 101 1875 test
116 1805 211 1873 credi.
243 1806 328 1873 Nam
343 1810 389 1872 ita
404 1809 485 1873 dixit
498 1809 553 1873 ille
568 1808 609 1890 V,
629 1808 710 1873 1436
725 1807 836 1871 mundi
851 1829 1005 1893 magnum

31 1891 198 1961 versatili'
226 1895 292 1956 tem
315 1892 382 1958 lum
411 1899 445 1958 et
469 1894 500 1977 Ι,
527 1894 607 1958 1039
641 1893 720 1958 caeli
747 1892 853 1957 lucida
873 1892 1003 1977 templa.

33 1980 124 2046 Sunt
151 1997 261 2072 preces
284 1916 395 2043 Sereni
422 1979 463 2044 ad
490 1979 606 2043 Ianum
633 1978 700 2042 sive
721 1977 815 2042 initio
838 1977 916 2042 anni
938 1979 1004 2042 sive

35 2091 77 2133 ea
99 2082 288 2146 occasione,
316 2086 412 2148 quam
438 2064 517 2131 Cato
540 2065 575 2127 in
595 2064 679 2128 libro
702 2064 730 2128 d.
754 2086 779 2128 r.
802 2086 826 2128 r.
851 2085 918 2147 cap.
944 2063 1006 2128 134

34 2153 158 2239 tangit,
181 2147 233 2216 vel
254 2147 317 2212 alia
337 2148 449 2214 factae.
563 2189 570 2202 κ

33 2239 89 2302 24.
142 2238 298 2320 rumpunt
318 2238 444 2299 teneras
466 2233 608 2298 uviferae
630 2255 737 2299 comas
759 2231 854 2320 lagei]

138 2343 182 2386 ar.
208 2317 293 2386 Vict.
322 2340 375 2403 pg.
400 2319 462 2383 104
490 2317 639 2384 Sotadius
668 2319 799 2400 dicitur,
822 2321 859 2380 ut
880 2321 929 2380 est
949 2317 1004 2378 ille

31 2407 151 2555 {vulgo
175 2410 227 2470 ‘et
249 2407 297 2467 est
318 2403 435 2486 illae').
480 2401 599 2467 Sereno
622 2403 736 2467 tribuit
755 2399 1002 2472 Wernsdorfius.

54 2493 87 2557 5.
278 2488 320 2552 ed
340 2491 515 2552 mercatum
537 2510 591 2570 eo,
614 2487 722 2551 vilice:

279 2571 355 2657 quid
378 2573 425 2635 vis
448 2570 522 2635 inde
544 2570 619 2635 vehi
641 2574 697 2634 aut
718 2569 795 2655 agi?

100 2658 229 2725 Nonius
251 2679 304 2743 pg.
322 2657 400 2721 431:
423 2659 581 2720 mercatus
604 2658 653 2718 est
673 2655 771 2737 locus,
795 2654 915 2736 inquo
938 2653 1004 2737 agi-

30 2750 88 2809 tur
126 2747 314 2809 mercatura.
369 2738 506 2805 Serenus
544 2739 714 2823 opusculis.
764 2738 858 2802 Prior
894 2758 1003 2801 versus

33 2829 159 2914 legitur
180 2827 266 2912 apud
281 2825 416 2891 eundem
432 2824 675 2910 grammaticum
689 2844 743 2908 pg.
759 2822 821 2886 212
837 2844 860 2885 s.
878 2843 906 2885 v.
922 2843 1003 2885 mer-

32 2920 137 2996 catus
159 2913 215 2977 ubi
237 2911 374 2978 Serenus
395 2909 554 2974 ruralibus
576 2911 779 2974 memoratur.

31 2999 85 3064 26.
277 2997 423 3082 geritque
445 2995 531 3059 intus
553 2995 589 3058 in
611 2992 765 3077 oppidum

278 3081 410 3146 anhelos
432 3080 563 3164 Panope
586 3098 708 3163 greges.

99 3166 172 3230 Ter.
188 3165 233 3231 M.
249 3165 305 3230 ubi
319 3169 476 3231 memorat
489 3164 525 3228 in
538 3164 608 3228 basi
629 3161 723 3226 metri
744 3160 887 3246 glyconii
909 3181 1002 3244 saepe

31 3256 67 3315 et
89 3251 234 3315 iambum
256 3249 382 3314 admitti
404 3273 455 3315 vv.
478 3249 560 3313 2627
584 3269 671 3331 sqq.:
704 3245 766 3310 hoc
795 3243 832 3310 de
855 3243 1003 3329 Septimii

34 3339 132 3419 potes
160 3335 277 3400 iunctis
305 3355 437 3399 noscere
464 3333 617 3398 versibus.
647 3369 687 3380 -
716 3330 882 3416 ‘Panope'
906 3329 1002 3412 docti,

31 3423 224 3504 ‘Panopae’
255 3420 303 3484 ed.
332 3418 432 3503 princ.
467 3458 509 3468 -
544 3418 675 3502 Panope
702 3415 798 3482 vilica
830 3415 1002 3498 eademque

33 3505 140 3568 amica
162 3503 319 3588 Septimii.

87 3641 258 3680 Nmrrnrvr.
