2356 3886
152 168 193 232 28
563 169 710 226 FLORVS.

152 336 296 433 reliquiis
325 333 505 398 addendum
532 355 599 398 esse
627 334 745 400 censui.
788 332 958 397 Praeterea
989 331 1120 398 Riesius

153 420 313 484 dub1tavit
326 442 368 483 an
382 419 605 502 praecedentia
618 420 681 482 tria
696 418 850 502 opuscula
871 439 952 500 quae
974 417 1010 482 in
1031 418 1118 483 libro
1165 465 1166 472 κ

153 504 351 570 Salmasiano
378 526 477 568 unam
502 505 655 590 paginam
683 503 807 568 duobus
833 503 976 566 versibus
1008 503 1119 568 minus

153 589 324 672 complent,
346 590 393 652 ita
407 589 536 672 quidem
556 593 594 653 ut
614 590 655 652 ab
676 589 733 653 illo
757 585 880 652 ‘Flori’
902 588 1039 670 incipiat
1059 610 1119 654 no·

152 671 1014 823 {taetitiaetintattbuttdtomtiiiattfflott
1041 695 1118 822 ‘¹³¹3

152 842 295 906 carmina
323 865 392 907 non
417 845 486 906 sine
514 780 610 906 odilae
636 863 720 906 nexa
745 842 779 904 in
806 841 889 905 libro
917 842 1037 925 scripto
1060 842 1117 906 sed

152 930 264 990 mutua
290 927 471 992 imitatione
498 931 570 991 orta
594 926 689 990 facile
716 926 777 990 tibi
802 926 1017 1009 persuadebis,
1069 925 1116 991 si·
1166 927 1167 1012 t

153 1011 281 1075 millimi
303 1016 411 1076 autem
433 1011 615 1097 argumenti
628 1032 689 1075 nec
710 1010 751 1074 ad
771 1011 828 1074 illa
849 1010 1047 1075 emendanda
1067 1011 1116 1076 in·
1166 1041 1167 1056 ¹

152 1096 231 1160 utile
258 1096 404 1180 idyllium
432 1095 471 1159 de
491 1096 589 1178 rosis,
618 1095 704 1178 quod
730 1099 814 1159 recte
842 1117 898 1160 seu
920 1117 1010 1164 secus
1031 1096 1117 1160 inter

152 1183 290 1245 Ausonii
310 1183 429 1266 legitur
450 1202 556 1263 opera.

216 1281 365 1364 Denique
385 1283 475 1344 fuere
489 1281 546 1364 qui
560 1281 650 1364 pervi
677 1281 765 1344 'lium
780 1280 916 1346 Veneris
937 1282 1117 1346 tribuerent

131 1364 264 1466 -Florot
287 1366 384 1429 nimis
405 1369 514 1429 tamen
535 1387 585 1429 res
607 1387 659 1429 am
681 1366 766 1451 igua.

154 1468 181 1529 ].
444 1489 503 1553 ego
525 1468 602 1532 nolo
626 1466 743 1532 Caesar
763 1489 847 1551 esse,

439 1553 579 1616 amblare
601 1573 658 1674 pap
680 1551 855 1616 Britannos

439 1686 603 1805 Scythicds
625 1685 855 1805 pati*pruinas.

152 1819 339 1969 {partiarius
371 1824 406 1886 in
438 1823 505 1886 vita
530 1821 687 1886 Hadriani
720 1845 746 1886 o.
771 1823 819 1887 16.
848 1861 890 1869 —
924 1821 1113 1886 ‘Amblare’

179 1905 372 1990 asaubonus,
397 1907 594 1972 ‘ambulare'
616 1929 646 1970 v.
669 1945 711 1955 -
732 1906 812 1971 Post
833 1907 1008 1971 Britannos
1029 1907 1115 1970 lacu·
1168 1944 1169 1970 5

151 2012 226 2053 nam
253 1991 349 2054 unius
376 2013 486 2055 versus
513 2013 581 2054 esse
608 1989 765 2054 Hadriani
796 2013 950 2075 responso
983 1991 1114 2075 probari

150 2073 316 2138 adnotavit
336 2074 485 2140 Jahnius.

439 2159 488 2245 [de
512 2159 665 2242 qualitate
687 2160 813 2247 vitium]

152 2261 181 2325 2.
226 2259 366 2343 Bacche,
389 2260 457 2323 vini
478 2264 514 2323 tu
536 2265 694 2344 repertor,
715 2262 830 2346 plenus
852 2261 936 2326 adsis
957 2262 1092 2346 vitibus,

229 2345 341 2409 effluas
363 2344 488 2408 dulcem
509 2344 668 2427 liquorem
689 2346 928 2430 conparandum
949 2346 1086 2430 nectari,

231 2429 459 2513 conditumque
480 2429 532 2492 fac
553 2433 729 2514 vetustum,
752 2453 793 2496 ne
815 2432 966 2518 malignis
988 2431 1115 2495 venulis

229 2535 376 2596 asperum
391 2514 486 2579 ducat
506 2536 662 2598 saporem,
685 2537 795 2580 versus
810 2539 903 2582 usum
916 2518 952 2582 in
966 2515 1112 2580 alterurn.

213 2614 253 2678 In
280 2615 326 2678 eis
354 2617 547 2680 carminibus
576 2637 657 2699 quae
679 2615 876 2681 Salmasiano
903 2622 936 2681 et
956 2618 1113 2684 Thuaneo

149 2698 240 2762 libris
262 2699 381 2764 tradita
402 2705 528 2783 extant,
557 2723 599 2764 ne
621 2701 739 2766 nimius
762 2723 863 2764 essem
883 2724 951 2766 non
971 2703 1035 2767 nisi
1055 2725 1112 2785 po-

148 2783 288 2849 tissimus
316 2785 550 2870 dittographias
577 2784 727 2869 adposui,
756 2807 828 2849 cum
855 2786 996 2869 reliquae
1023 2786 1113 2850 facili

150 2889 248 2950 opera
268 2871 336 2952 peti
357 2870 483 2952 possint
505 2890 544 2933 ex
565 2867 665 2934 Riesii
687 2871 819 2954 sylloge.

212 2952 262 3016 De
285 2954 439 3037 qualitate
462 2954 591 3037 vitium3
622 2956 773 3020 ‘vitium'
797 2974 873 3037 eg03
897 2955 1018 3020 ‘vitae'
1041 2954 1110 3020 cdd.

149 3074 190 3084 -
205 3035 247 3102 V.
262 3037 293 3122 2,
309 3040 421 3125 scripsi
443 3039 528 3103 ‘vini
543 3042 595 3102 tu’
617 3061 676 3123 pro
700 3039 847 3103 ‘vitium'
871 3039 937 3104 sive
961 3040 1112 3122 ‘vitum

149 3121 236 3206 quod
257 3123 385 3207 irrepsit
405 3122 556 3188 mendum
571 3145 610 3186 ex
626 3145 663 3188 eo
679 3123 765 3206 quod
787 3124 929 3207 sequitur
952 3124 1111 3189 ‘vitibus’.

149 3207 200 3271 Ita
226 3209 295 3272 vini
322 3213 467 3292 repertor
494 3208 611 3273 dicitur
631 3208 776 3272 Bacchus
804 3231 824 3272 a
849 3208 972 3273 Rutilio
995 3207 1114 3273 Nama-

148 3293 238 3358 tiano
264 3293 295 3377 Ι,
318 3295 367 3358 73.
396 3332 437 3342 -
464 3294 506 3358 ib.
530 3295 551 3358 2
578 3294 863 3376 ‘comparandum’
891 3293 926 3357 Τ.
955 3331 998 3340 —-
1026 3294 1067 3357 ib.
1092 3295 1113 3358 3

150 3380 227 3443 ‘ne’
249 3378 286 3462 T,
308 3384 402 3442 ‘neo'
426 3377 457 3443 S.
480 3417 522 3426 -
544 3379 586 3442 ib.
609 3378 631 3440 4
654 3377 823 3442 ‘alterum’
847 3377 948 3459 docti3
973 3377 1113 3442 ‘altero’

151 3461 188 3546 Τ,
212 3465 362 3528 ‘alteros'
386 3460 416 3526 S.
