2356 3886
162 189 213 237 x11
539 183 745 232 palarmo,

162 340 246 405 Nam
278 343 311 403 et
345 338 429 403 idem
462 338 561 401 semel
587 341 824 420 pentametrum
850 337 935 402 binis
962 339 1131 403 vocabulis

162 428 308 489 constare
329 444 441 507 pessus
463 425 512 486 est
535 420 576 509 [1,
598 420 673 509 450]
696 422 757 486 ita:

349 506 627 590 Bellerophonteis
648 505 932 591 sollicitudinibus3
1159 557 1160 560 η

162 594 290 678 qualem
311 592 388 656 alibi
409 592 445 656 in
466 591 581 656 litteris
602 591 711 655 latinis
733 592 878 656 invenire
899 613 951 655 me
972 614 1042 656 non
1064 615 1131 656 me·
1159 599 1160 638 l

161 675 251 742 mini.
274 675 422 742 Videnda
439 681 548 742 tamen
563 697 644 760 quae
660 675 796 740 diximus
810 677 832 740 l.
847 698 880 740 n.
895 697 971 762 pgg.
986 677 1061 742 459.
1079 679 1130 742 60.

224 762 444 845 Interpunctio
473 764 547 845 post
573 764 808 843 pentametrum
830 761 960 846 gravior
979 762 1131 846 neglecta

162 871 190 912 v.
213 847 292 931 520,
315 847 370 911 sed
391 851 502 931 parata
523 845 633 928 venia3
657 844 697 909 cf.
721 845 749 908 d.
772 867 797 909 r.
819 869 861 910 m.
884 846 961 929 231,
985 846 1016 910 2.

226 931 388 1008 Quantum
402 931 443 994 ad
457 930 656 1014 synhaeresis
671 929 723 994 vel
738 929 910 994 dihaeresis
925 931 1027 1015 leges,
1043 931 1131 995 nihil

162 1017 295 1166 diqnum
322 1017 477 1080 memoria
502 1014 565 1078 nisi
593 1014 680 1098 quod
700 1013 859 1098 Harpyias
887 1015 936 1079 bis
964 1017 1131 1099 quaternis

163 1125 199 1186 sy
212 1102 293 1166 labis
319 1101 400 1165 dixit
420 1098 571 1163 Rutilius.

77 1233 84 1249 2
223 1186 313 1252 Idem
368 1185 519 1248 lurimum
552 1182 772 1248 observantiae
802 1183 838 1247 in
871 1183 1003 1248 elisione
1033 1207 1130 1268 parce
1161 1236 1162 1282 ,

164 1275 318 1353 cauteque
355 1266 552 1333 admittenda
588 1267 771 1350 collocavit,
806 1289 902 1352 quam
937 1268 1003 1332 fere
1040 1269 1130 1334 intra
1161 1285 1162 1302 ¹

161 1355 301 1439 primum
336 1353 557 1417 choriambum
591 1351 767 1416 hexametri
805 1353 1038 1436 pentametrive
1075 1355 1141 1438 vel,

185 1443 312 1504 uartum
344 1437 457 1521 pedem
484 1459 594 1502 versus
621 1438 778 1522 longioris
811 1437 984 1502 consistere
1012 1437 1128 1503 voluit.

162 1463 274 1607 ltaque
296 1523 346 1587 his
369 1524 473 1587 solum
494 1523 573 1588 locis
594 1525 720 1607 praeter
741 1523 877 1606 primam
895 1522 1023 1606 quidem
1039 1524 1128 1588 arsin

162 1614 196 1673 et
216 1612 306 1673 extre
327 1629 489 1673 caesuram
506 1607 632 1673 vocales
654 1607 768 1691 longas
790 1608 842 1672 vel
863 1607 898 1670 in
919 1630 952 1671 m
974 1611 1129 1672 exeuntes

163 1692 264 1778 elisit,
293 1715 451 1778 nusquam
477 1697 586 1757 temen
606 1691 776 1776 productas
797 1692 909 1756 finales
932 1691 1130 1776 qualescum-

165 1800 227 1863 que
242 1779 309 1844 sive
325 1777 495 1862 dactylicus
507 1777 559 1842 vel
569 1776 783 1860 pyrrichiacas
795 1777 831 1840 in
841 1799 883 1860 m,
896 1798 925 1859 o,
941 1798 961 1840 a
975 1781 1130 1841 exeuntes

162 1885 195 1928 se
219 1867 314 1927 uente
346 1863 446 1927 brevi.
495 1861 672 1926 Iambicum
698 1861 889 1926 vocabulum
922 1861 1129 1926 imminutum

162 1885 318 2096 qab3e2sgin
340 1947 499 2011 antitheto
522 1949 555 2010 et
570 1945 833 2010 concurrentibus
848 1941 1013 2011 vochlibus
1027 1945 1129 2010 isdem

186 2082 194 2114 '
314 2114 381 2178 sive
401 2114 464 2178 loci
486 2114 617 2199 ingenio
640 2135 696 2178 seu
718 2113 840 2178 domini
862 2115 975 2199 geni03

163 2204 259 2283 atque
286 2199 332 2262 ite
360 2197 532 2282 liquefacta
557 2198 656 2296 longa
677 2198 781 2263 finalis
803 2199 1012 2282 praecedente
1035 2198 1125 2283 diph-

163 2285 287 2370 thongo
309 2283 345 2347 in
365 2283 496 2347 nomine
517 2305 649 2432 proquo
671 2283 702 2367 Ι,
726 2283 803 2348 615:

257 2368 332 2433 inde
354 2367 559 2433 Triturritam
608 2369 694 2432 isaea
716 2367 855 2446 ex‚urbe
877 2389 1031 2432 reversus.

225 2453 328 2519 Elisio
351 2452 386 2517 in
408 2453 508 2519 altero
531 2453 723 2536 pentametri
744 2453 947 2518 hemistichio
970 2453 1068 2517 nulla.

226 2538 400 2604 Positionis
428 2539 481 2602 lex
529 2559 588 2602 uae
617 2537 732 2602 dicibrr
760 2559 812 2621 ea,
844 2559 908 2622 qua
935 2537 1127 2602 severissimi

163 2628 307 2688 auctores
329 2623 407 2687 artis
428 2623 492 2707 usi,
507 2561 576 2688 hoc
597 2626 646 2686 est
667 2643 708 2686 ne
730 2622 932 2706 copularetur
951 2622 1057 2687 brevis
1072 2644 1128 2687 vo-

37 2781 39 2784 ·
163 2708 240 2771 calis
269 2708 305 2771 in
339 2708 426 2772 exitu
456 2708 551 2772 metri
583 2707 690 2792 posita
720 2707 784 2772 nisi
816 2707 1005 2791 insequente
1037 2711 1126 2771 muta

163 2813 236 2857 cum
257 2791 379 2876 liquida
399 2797 526 2875 praeter
547 2811 606 2876 gn,
628 2813 709 2856 neve
731 2792 842 2856 eadem
859 2813 1011 2874 umquam
1025 2793 1126 2875 porri-

164 2881 398 3026 gerlssibbuotio
421 2981 567 3025 caesurae
590 2961 623 3025 vi
645 2961 757 3026 effecta
777 2959 876 3024 nulla.
