2356 3886
440 201 638 259 ANNIANVS.
976 197 1017 261 37

43 366 118 433 Sed
146 365 235 450 qood
259 365 410 430 adscribit
439 363 559 430 Sereno
591 387 629 430 ea
662 387 743 450 quae
771 369 848 430 sunt
874 369 883 396 ‘
913 364 1020 429 uando

42 451 186 537 flagella
210 450 320 536 ligas'‚
347 453 404 515 aut
432 451 559 535 egregie
586 449 683 514 fallor
709 454 765 516 aut
784 450 883 515 verba
932 471 1021 514 eren-

44 537 138 602 tiani
168 557 249 620 quae
276 535 492 618 supraposui
518 534 601 599 male
628 535 792 600 intellecta
825 556 894 600 non
920 535 1020 618 ipsius

45 620 170 689 Sereni
191 619 361 703 exemplar,
384 619 472 703 quali
485 641 638 704 umquam
653 641 726 684 eum
747 641 841 685 usum
863 641 931 684 esse
952 641 1021 685 non

44 709 165 791 potest
184 703 324 789 probari,
346 708 472 769 secutus
494 707 551 769 cst.
594 703 663 769 Nec
685 703 801 769 existet
820 703 915 769 facile
937 705 1021 789 quis-

46 813 163 876 quam,
186 789 242 874 qui
263 787 383 854 Sereno
404 789 599 872 pervicacius
621 787 781 853 adscribat
800 810 911 853 versus
931 789 1021 872 istos,

46 877 78 941 si
105 875 177 940 solo
200 896 238 940 ea
257 894 309 938 res
330 873 494 938 adseratur
514 874 700 939 testimonio
722 873 892 939 Victorini.
936 872 1023 938 Nam

46 960 211 1026 mirificus
237 957 324 1023 haud
349 980 422 1024 raro
450 962 563 1044 stupor
595 957 736 1023 eiusdem
767 958 803 1022 in
835 957 1022 1022 adhibendis

48 1044 246 1110 Terentiani
272 1043 387 1108 verbis.
430 1043 481 1108 lta
508 1045 646 1130 pg.177
675 1065 715 1108 ex
736 1065 787 1108 vv,
809 1041 906 1106 huius
930 1041 1021 1125 1967,

49 1131 97 1196 68
119 1129 184 1194 hoc
206 1129 234 1192 si
255 1128 304 1192 dis
318 1127 424 1212 placet
437 1127 655 1212 Pomponium
668 1133 771 1193 metro
794 1149 887 1192 usum
909 1126 1022 1190 elicere

50 1214 121 1280 sibi
143 1215 231 1278 visus
253 1217 316 1277 est:
442 1267 444 1273 Α

209 1313 393 1400 Priamique
416 1335 487 1378 aras
509 1313 659 1378 damnare
681 1315 751 1399 pias
772 1319 865 1398 tune,

52 1439 132 1484 cum
154 1415 235 1481 illud
256 1421 329 1482 tabe
350 1415 450 1499 ipsius
472 1415 515 1480 sit
527 1413 642 1480 Mauri.
672 1415 772 1480 Aliud
791 1415 928 1502 insignis
943 1415 1024 1480 eius-

52 1503 132 1568 dem
161 1522 201 1566 ne
225 1500 383 1586 legentiae
411 1501 593 1583 exemplum
614 1499 839 1566 Lachmannus
870 1497 964 1566 noret
984 1498 1025 1563 ad

50 1611 85 1652 v.
111 1585 184 1652 Ter.
203 1521 301 1650 lael.

121 1672 168 1735 At
194 1669 281 1736 enim
308 1669 404 1734 etiam
431 1665 560 1734 Servius
587 1669 622 1733 in
649 1667 695 1732 eis
744 1689 804 1732 uae
830 1667 957 1752 profert
984 1666 1025 1730 ad

53 1777 129 1820 aen.
145 1753 223 1838 HJJ,
234 1754 296 1844 291
319 1775 447 1819 versum
468 1757 505 1819 ut
517 1757 597 1837 puta
617 1689 757 1837 ‘quando
779 1752 907 1838 flagella
932 1751 1025 1848 ligas,

53 1842 105 1905 ita
126 1839 209 1924 liga’
233 1839 384 1903 adscribit
405 1837 541 1923 Sereno,
563 1838 653 1904 cuius
676 1837 853 1901 carminum
874 1835 1025 1902 notitram

55 1946 130 1991 non
144 1946 183 1988 ex
206 1924 274 1988 solo
289 1922 482 1988 Terentiano
504 1923 613 1987 hausit
633 1922 698 1988 ille.
728 1921 852 2006 Audi03
875 1919 931 1985 sed
952 1941 1025 1984 cum

55 2008 158 2074 huius
179 2007 304 2073 metrici
325 2008 412 2073 haud
426 2030 498 2073 raro
514 2008 633 2074 librum
647 2006 829 2072 adhibuerit
844 2005 1025 2090 scholiasta,

55 2093 111 2159 vel
144 2093 237 2158 illum
267 2093 459 2159 versiculum
494 2115 532 2158 ex
565 2092 677 2158 eodem
708 2093 846 2177 petitum
879 2091 957 2157 satis
988 2091 1027 2155 fit

55 2177 235 2262 probabile.
281 2175 482 2263 Quamquam
506 2177 615 2262 potuit
644 2177 742 2242 ctiam
769 2178 852 2242 sumi
874 2198 913 2242 ex
933 2176 1026 2241 libris

56 2262 231 2328 Victorini.
264 2261 351 2328 Nam
372 2265 405 2328 et
425 2261 503 2326 alibi
525 2261 667 2328 eiusdem
687 2263 885 2328 mentionem
899 2261 1027 2326 videtur

57 2347 179 2444 inicere
196 2344 251 2444 [ad
262 2367 372 2497 georg.
387 2346 462 2443 llll,
477 2345 562 2434 373}
599 2345 746 2444 Serrium
767 2351 804 2410 ut
825 2345 907 2410 solet
928 2343 1027 2408 excri-

59 2435 129 2516 psrt
150 2431 323 2497 schohasta
359 2433 432 2494 tatu
447 2429 693 2516 Bambergenns
716 2429 756 2494 ad
777 2429 864 2493 theb.
879 2425 938 2512 ΙΙΙ,
953 2428 1025 2492 311.

124 2531 258 2598 Frustra
278 2535 386 2596 autem
406 2529 632 2596 Lachmannus
652 2533 808 2613 provocat
828 2528 866 2594 ad
890 2528 1027 2592 alterum

59 2616 203 2684 eiusdem
225 2616 311 2701 quod
332 2615 395 2699 ipsi
416 2614 543 2680 videtur
564 2614 667 2680 Servii
688 2613 918 2680 testimonium.
940 2611 1027 2678 Nam

58 2704 97 2767 in
119 2702 307 2766 centimetro
352 2720 383 2785 g.
401 2699 485 2765 1824
506 2721 579 2764 cum
600 2699 679 2764 haec
701 2699 851 2784 legantur
871 2701 909 2762 ut
923 2718 1026 2762 exem-

61 2786 154 2871 plum
175 2786 270 2852 metri
290 2723 408 2851 Falisci

266 2888 360 2952 docta
381 2884 506 2950 Falisca
528 2883 645 2950 Serene
667 2905 810 2968 reparas,

61 2989 275 3054 demonstrari
301 2989 347 3052 ait
373 2987 428 3052 ille
458 2986 554 3050 etiam
580 2986 711 3070 abipso
735 2984 846 3050 Servio
873 2985 1027 3070 profecta,

60 3095 131 3139 non
158 3075 198 3137 ab
226 3075 293 3137 inte
333 3073 455 3138 olatore
482 3071 589 3136 addita
610 3093 648 3136 ea
669 3091 751 3155 quae
773 3073 848 3134 sunt
869 3070 1028 3153 adscripta

64 3157 106 3223 ad
127 3179 197 3223 aen.
211 3157 286 3241 1111,
294 3095 373 3222 ¹gbl.
417 3154 480 3222 sed
500 3155 581 3220 illud
601 3157 826 3241 argumentum
848 3155 1028 3240 qualecum-

67 3265 130 3327 que
156 3264 198 3307 ne
224 3241 351 3326 pondus
377 3241 494 3306 habere
521 3241 682 3324 videatur,
710 3240 775 3304 iam
802 3237 1026 3307 demonstrabo

63 3349 133 3392 non
154 3349 248 3410 posse
274 3326 496 3391 centimetrum
517 3325 609 3389 illum
629 3363 672 3374 --
715 3347 789 3389 uem
810 3326 879 3410 ipse
899 3321 1028 3389 vocavit

63 3415 177 3476 auctor
189 3449 232 3460 --
246 3411 399 3493 scriptum
421 3431 488 3475 esse
510 3409 664 3477 aServio.
693 3347 732 3476 ld
755 3432 811 3475 eur
831 3429 948 3494 negem
962 3408 1026 3470 tres

62 3495 269 3581 potissimum
290 3515 400 3560 causas
421 3495 534 3561 habeo.
