2356 3886
162 177 206 242 50
561 179 731 236 SERENVS.

164 346 215 410 21.
371 345 522 408 iuverunt
543 347 666 429 segetes
689 365 795 407 meum
816 341 973 441 laborem]

228 429 299 493 Ter.
315 429 357 493 28
415 450 483 512 sqq.
505 428 561 493 sad
574 429 634 493 iste
649 428 1027 515 versus(anacreont1us)
1044 429 1138 513 quali

165 536 236 580 eom
260 513 362 578 ositus
383 517 470 578 tome
492 513 535 578 sit
556 514 648 578 edam
670 515 855 578 ‘iuverunt’
880 535 906 578 e.
930 535 956 578 c.

262 621 317 664 aec
338 598 484 664 Petronii
510 599 597 663 inter
624 597 776 682 reliquias
798 599 949 663 rettulere
970 598 1137 684 nonnulli,

164 685 283 749 rectius
305 681 425 748 Sereno
452 684 590 768 tribuas,
618 683 683 748 nisi
704 684 773 767 ipse
793 684 889 748 finxit
909 683 1137 749 Terentianus.

165 769 216 834 28.
296 772 329 833 et
349 769 433 833 nihil
454 773 503 833 est
523 768 611 852 quod
631 789 735 832 amem
756 767 916 832 Flaminia
936 768 1057 833 minus.

229 853 359 918 Mallius
374 852 562 918 Theodorus
576 851 615 918 do
636 853 747 916 matris
768 873 822 938 pg.
837 853 900 917 538
916 851 971 917 G.:
993 857 1137 918 metrum

166 938 254 1003 aliud
286 938 478 1022 dactylicum
509 940 746 1020 pentametrum
778 938 894 1020 recipit
924 937 1021 1020 pedes
1059 938 1136 1003 hos:

166 1022 328 1107 dactylum
349 1023 416 1088 sive
438 1044 453 1086 s
477 1020 610 1086 ondium
630 1022 702 1087 loco
724 1021 829 1106 primo
851 1026 885 1087 et
905 1023 1063 1106 secundo,
1087 1045 1137 1086 ca-

166 1109 309 1174 talecton
330 1108 366 1172 in
387 1127 438 1170 me
463 1105 502 1189 ὀ,
525 1105 600 1170 indo
615 1105 695 1170 duos
710 1107 852 1190 dactylos
875 1107 944 1171 sine
967 1108 1135 1192 catalecto,

166 1197 204 1257 ut
231 1197 280 1257 est
304 1191 385 1255 illud
413 1189 525 1256 Sereni
553 1211 580 1254 e.
627 1213 681 1255 .s.
726 1191 904 1256 ‘Flaminia
930 1192 1057 1257 minus'
1087 1193 1136 1258 od.

166 1276 284 1360 Paris,
313 1275 580 1339 ‘flammiamuni’
640 1276 715 1340 uelf.
743 1275 936 1341 Flaminiam
969 1278 1057 1342 viam
1087 1299 1136 1342 re

168 1361 247 1444 spici
269 1363 362 1443 putat
376 1358 631 1444 Wemsdorfius3
654 1383 714 1448 ego
729 1360 869 1426 feminae
884 1362 991 1446 potius
1013 1384 1138 1427 nomen

168 1466 236 1509 esse
259 1444 484 1528 existimarim3
506 1467 582 1511 nam
596 1446 748 1531 pleraque
764 1444 877 1510 Seram
897 1445 987 1510 fuere
1002 1448 1136 1512 erotica.

166 1529 218 1593 29.
257 1527 329 1616 [tibi
349 1529 492 1594 nascitur
515 1551 610 1595 omne
631 1552 739 1615 pecus,
760 1530 821 1595 tibi
843 1532 956 1595 crescit
977 1531 1092 1617 herba]

231 1613 302 1679 Ter.
315 1637 366 1680 vv.
381 1615 463 1679 1913
475 1636 544 1699 sqq.
562 1615 638 1679 dum
654 1620 792 1680 metrum
807 1615 1027 1681 archebulium
1043 1637 1139 1681 enar-

167 1703 231 1764 rat:
254 1700 369 1764 ‘turba
382 1699 559 1765 terribilem
573 1700 716 1765 sonitum
737 1699 824 1765 dedit
845 1722 917 1765 aere
937 1706 1058 1766 ourvo’
1082 1701 1139 1787 (ex

167 1784 234 1849 Ver
258 1835 265 1848 .
289 1783 400 1869 VIIII,
422 1785 486 1850 503
529 1789 720 1867 anapaestus
742 1785 827 1850 inest
847 1789 977 1869 quater,
999 1784 1140 1850 ultimus

167 1805 383 1934 antiochos.
410 1784 548 1933 simiiem
570 1868 652 1933 dabo
674 1869 876 1953 versiculum,
891 1871 994 1956 magis
1009 1873 1047 1934 ut
1062 1893 1140 1954 pro-

167 1954 261 2018 betur
283 1953 381 2018 ‘tibi'
405 1975 431 2018 e.
456 1975 486 2036 q.
509 1975 550 2036 s.;
575 1951 614 2017 cf.
638 1953 784 2019 et1918.
826 1954 973 2019 Eundem
995 1956 1140 2020 versicu-

168 2036 237 2101 lum
259 2037 397 2102 afferunt
418 2036 541 2101 Marius
562 2036 750 2103 Victorinus
771 2059 825 2124 pg.
844 2039 913 2123 183,
935 2038 1044 2105 Dium.
1061 2041 1140 2126 498,

167 2120 287 2184 Atilius
314 2122 387 2186 313.
431 2121 574 2186 ‘Herba'
606 2124 704 2188 semel
730 2123 918 2189 Victorinus
945 2128 978 2188 ct
1010 2124 1058 2188 sic
1086 2126 1141 2199 bis

166 2204 274 2270 Diom.
298 2208 332 2269 et
351 2205 446 2289 Atil.;
470 2206 626 2272 ‘haedus’
649 2208 699 2272 bis
721 2208 792 2274 Ter.
816 2213 849 2274 et
869 2209 955 2274 Vict.
983 2208 1142 2276 Ceterum
1169 2247 1170 2284 ς

167 2291 258 2356 Pana
289 2290 357 2355 sive
378 2289 489 2355 Palem
517 2291 638 2376 alloqui
665 2293 857 2378 quicumque
886 2294 1014 2378 scripsit
1046 2295 1142 2361 huno

167 2397 294 2441 versum
317 2379 367 2440 sat
387 2379 542 2460 apertum.
690 2438 693 2445 ,

167 2461 219 2526 30.
286 2459 416 2547 [caduca
435 2461 527 2545 popli
549 2483 641 2526 coma
662 2463 777 2548 glauca
798 2464 862 2528 iam
883 2485 941 2547 per
962 2462 1073 2561 agros]
1169 2487 1170 2496 ¹

230 2544 311 2609 Mar.
333 2546 418 2611 Vict.
440 2567 494 2632 pg.
517 2547 576 2612 81:
598 2546 621 2610 h
666 2549 890 2614 ercatalectum
911 2568 987 2612 vero
1010 2548 1143 2634 (trume-

167 2632 253 2714 trum
281 2630 467 2778 iambicum)
501 2653 574 2696 cum
609 2655 628 2696 a
681 2633 839 2720 integram
872 2632 1144 2717 coniugationem

167 2735 233 2778 una
254 2714 395 2779 abundat
416 2737 452 2799 sy
465 2715 548 2799 laba,
563 2721 600 2782 ut
621 2721 670 2782 est
690 2717 752 2783 hoc
773 2719 954 2783 trimetrum
976 2717 1144 2784 choriam-

166 2798 276 2862 bicum
303 2798 455 2864 ‘caduca’
484 2821 510 2865 e.
534 2823 564 2885 q.
591 2823 616 2866 s.
666 2802 755 2868 Idem
782 2823 836 2887 pg.
866 2804 942 2867 164:
974 2823 1145 2886 ponamus

169 2883 255 2947 enim
278 2884 414 2968 exempli
436 2905 531 2948 causa
546 2885 795 2952 choriambicum
816 2887 997 2951 trimetrum
1018 2887 1145 2972 hyper·

167 2967 372 3052 catalectum,
398 2991 465 3033 non
492 2991 531 3033 ex
559 2971 635 3036 solis
656 2968 849 3037 choriambis
871 2971 926 3035 sed
947 2972 1146 3058 admixtum,
1169 3005 1170 3048 ς

167 3056 205 3116 ut
226 3052 269 3115 sit
289 3052 393 3136 prima
414 3054 570 3137 quaedam
592 3055 776 3142 coniugatio
798 3053 972 3140 diiambus,
995 3061 1147 3124 secunda

148 3193 150 3200 .
168 3136 388 3222 choriambus,
410 3139 506 3202 tertia
527 3137 685 3204 diiambus
706 3143 739 3204 at
760 3138 898 3224 syllaba,
925 3141 1056 3226 quando
1080 3143 1145 3228 hy·
1169 3163 1170 3202 1

167 3221 415 3307 porcatalectum
450 3225 499 3286 est
532 3227 569 3288 ut
600 3229 649 3289 est
682 3224 834 3289 ‘caduca'
862 3247 889 3290 e.
913 3247 943 3310 q.
967 3248 992 3290 s.
1044 3209 1170 3293 ldeml

167 3329 277 3374 versus
298 3326 351 3391 pg.
378 3306 438 3370 165
458 3306 508 3370 bis
529 3309 664 3372 recurrit
684 3309 800 3373 leniter
820 3309 1006 3375 inmutatus.
1054 3310 1146 3377 Scri·
1169 3365 1170 3402 ,

167 3395 220 3477 psi
246 3394 284 3457 da
312 3389 496 3455 coniectura
523 3393 659 3474 ‘popli’,
685 3392 718 3455 id
751 3392 836 3475 quod
869 3395 991 3476 optimo
1018 3401 1170 3474 confir-3

167 3483 274 3543 matur
294 3474 377 3539 libro
400 3473 435 3534 in
463 3493 526 3553 quo
554 3476 604 3536 ast
628 3495 681 3558 pg.
705 3477 745 3540 81
769 3475 949 3560 ‘poplicum
971 3479 1146 3563 aglauca’.
